3264 5238
668 394 735 442 mn.
755 396 776 440 1.
796 393 865 442 a-·-5
1319 379 1340 443 5

352 540 392 600 Ac
417 559 514 618 neque
538 541 596 600 iam
621 538 745 600 stabulis
768 541 877 620 gaudet
900 561 992 620 pecus
1016 550 1067 602 aut
1091 551 1189 603 arator
1212 544 1283 624 igni,

287 643 306 689 4
398 629 459 689 Nec
482 636 567 708 prata
590 631 672 690 canis
696 629 824 691 albicant
846 633 970 709 pruinis.

353 719 412 780 lam
437 717 581 797 Cytherea
606 719 714 779 choros
738 719 820 779 ducit
842 719 941 780 Venus
965 723 1138 780 imminente
1163 719 1245 802 luna,

396 808 578 885 lunctaeque
601 807 744 887 Nymphis
769 808 885 869 Gratiae
909 809 1049 872 decentes
1336 804 1340 813 '

340 896 475 957 ‘Alterno
499 904 609 956 terram
634 900 772 974 quatiunt
793 898 883 977 pede,
907 898 978 958 drim
1001 901 1101 978 granis
1126 898 1286 978 Cyclopum

289 998 306 1045 8
398 985 544 1046 Volcanus
568 985 676 1046 ardens
699 988 771 1046 uisit
794 987 935 1047 ollicinas.
1134 1047 1137 1052 ,

353 1075 438 1135 Nunc
462 1075 548 1135 decet
571 1083 621 1135 aut
645 1075 734 1134 uiridi
758 1075 884 1136 nitidum
909 1084 997 1155 capnt
1020 1075 1164 1154 impedire
1188 1083 1285 1155 myrto

395 1163 454 1225 Aut
477 1164 566 1244 flore,
589 1170 687 1246 terrae
712 1183 801 1242 quem
824 1166 925 1225 serunt
948 1164 1077 1244 solutae3

352 1253 438 1313 Nunc
462 1255 544 1314 etin
570 1252 718 1313 umbrosis
741 1253 843 1313 Fauno
867 1254 954 1314 decet
976 1254 1129 1314 immolare
1153 1254 1242 1336 lucis,

271 1355 305 1401 12
398 1342 458 1402 Seu
482 1351 585 1421 poscat
607 1360 681 1420 agna
705 1345 769 1402 siue
793 1342 875 1402 malit
897 1343 1000 1403 haedo.

350 1431 461 1492 Pallida
484 1449 565 1491 mors
588 1449 682 1508 aequo
706 1431 804 1510 pulsat
826 1433 901 1511 pede
921 1450 1086 1512 pauperum
1105 1429 1243 1492 tabernas

394 1519 568 1599 Regumque
593 1523 694 1580 turris,
726 1539 744 1580 o
767 1519 853 1580 beate
878 1522 968 1602 Sesti,

351 1609 433 1670 Vitae
453 1627 568 1668 summa
587 1609 688 1670 breuis
709 1628 791 1690 spem
810 1629 865 1670 nos
884 1618 966 1671 uetat
984 1610 1124 1671 inchoare
1143 1610 1268 1690 longam.

270 1712 305 1760 16
396 1699 458 1758 lam
480 1708 509 1758 te
532 1707 649 1776 premet
672 1717 729 1758 nox
754 1699 928 1777 tabulaeque
953 1718 1054 1760 manes

348 1788 387 1849 Et
410 1788 516 1848 domus
540 1787 623 1847 exilis
647 1787 798 1848 Plutonia:
822 1807 881 1866 qao
906 1789 992 1848 simul
1016 1791 1136 1868 maaria,

394 1877 455 1937 Nec
478 1895 570 1955 regua
594 1879 656 1937 uini
679 1880 805 1938 sortiere
830 1879 908 1959 talis,

349 1965 410 2026 Nec
434 1975 572 2027 tenerum
597 1965 725 2045 Lycidan
749 1965 909 2048 mirabere,
933 1986 992 2046 quo
1016 1967 1092 2028 calet
1114 1970 1256 2029 iuuentus

257 2067 304 2115 ⁴20
393 2055 479 2116 Nunc
502 2057 599 2115 omnis
623 2064 652 2114 et
675 2074 743 2114 mox
768 2058 898 2134 uirgines
923 2056 1075 2136 tepebunt.

752 2544 774 2603 V

348 2682 421 2752 Quis
446 2680 537 2740 multa
561 2679 678 2756 gracilis
702 2687 731 2738 te
755 2697 830 2757 puer
853 2680 884 2737 in
908 2697 975 2738 rosa

347 2770 491 2831 Perfusus
514 2767 634 2846 liquidis
658 2775 745 2846 urget
766 2767 908 2827 odoribus

392 2859 495 2939 Grato,
518 2855 643 2936 Pyrrha,
668 2857 722 2917 snb
747 2853 854 2917 antro?
880 2872 883 2879 ’

286 2961 302 3006 4
437 2947 491 3007 Cui
514 2946 621 3006 llauam
644 2945 751 3024 religas
775 2964 901 3027 comam,

349 3037 479 3116 Simplex
501 3031 677 3095 munditiis?
700 3035 758 3095 heu
783 3037 920 3112 quotiens
944 3035 1032 3110 tidem

348 3125 536 3203 Mutatosqne
560 3123 631 3183 deos
655 3123 738 3183 llebit
760 3135 790 3184 et
813 3141 917 3202 aspera

390 3214 489 3292 Nigris
514 3231 641 3292 aequora
666 3215 764 3272 uentis

285 3317 300 3365 8
435 3301 618 3362 Emirabitur
641 3301 784 3381 insolens,

348 3393 405 3463 Qui
429 3409 508 3452 nunc
533 3400 561 3451 te
587 3391 698 3451 fruitur
721 3390 988 3472 credulus-aurea,

348 3481 405 3552 Qui
428 3499 546 3559 semper
570 3489 707 3553 uacuam,
732 3497 849 3558 semper
873 3479 1027 3562 amabilem

391 3571 511 3650 Sperat,
534 3571 653 3629 nescius
676 3586 765 3628 aurae

269 3671 299 3717 12
435 3658 566 3718 Fallacis.
590 3659 707 3738 miseri,
731 3657 840 3735 qrribus

188 3835 399 3844 ———.-..--—

443 3892 1085 4044 A‘vovansaliuncae<nanto
1188 4011 1199 4038 .

256 4121 271 4169 8
300 4115 367 4170 uisit
393 4111 447 4168 A'v
452 4133 498 4184 pr.
510 4112 605 4169 (llll'sz
634 4117 743 4170 Plotius
819 4115 875 4168 urit
903 4110 1258 4171 DFdIac'A'uar.l'uar.

186 4194 218 4241 12
238 4187 322 4257 agna]
342 4185 444 4255 agnam
462 4205 502 4240 νπ
506 4204 552 4255 pr.
570 4187 639 4255 Pplr.
660 4203 721 4254 opp.
741 4193 798 4244 cett.
821 4187 867 4253 Ps.
887 4186 1002 4240 Seruius
1075 4192 1107 4238 13
1127 4202 1281 4254 pauperum
1301 4191 1330 4242 et

183 4259 315 4314 tabernas
335 4255 415 4326 Pplc'
435 4275 495 4326 opp.
516 4275 587 4311 man.
670 4264 703 4311 16
730 4257 899 4327 fabulaeque
922 4259 951 4310 et
973 4273 1068 4310 manes
1091 4257 1210 4311 aenan
1225 4275 1292 4315 corr.

183 4331 212 4384 st
230 4331 305 4384 omis.
325 4335 383 4383 cett.
466 4335 499 4382 19
517 4328 628 4397 lycidan
646 4327 704 4381 Da
745 4327 857 4396 licydan
872 4346 890 4382 a
929 4326 1052 4396 lycidam
1074 4345 1151 4396 vepna
1196 4328 1332 4398 licydatl

218 4399 334 4454 licidam
353 4396 499 4468 Apt'dlnc'
574 4406 608 4453 20
627 4398 716 4453 Nunc.
736 4415 830 4452 omnes
850 4398 886 4463 F,
923 4399 1019 4454 omisso
1034 4405 1138 4468 porceto
1157 4396 1181 4453 δ’

254 4471 311 4526 15.
348 4489 457 4526 carmen
475 4472 565 4525 maisit
583 4471 610 4524 B
674 4477 716 4526 11.
737 4476 778 4525 12.
799 4476 831 4523 13
853 4470 952 4538 Sperat
970 4470 1077 4526 nescius
1096 4487 1179 4525 aurae
1197 4471 1327 4560 fallacis]

182 4541 280 4599 Miseri
303 4541 404 4612 quibus
422 4542 592 4613 intemptata
611 4541 691 4596 nites.
734 4557 778 4597 me
797 4540 895 4597 tabula
913 4556 990 4596 sacer
1006 4544 1009 4611 Ι
1026 4542 1130 4598 Votiua
1149 4547 1194 4597 etc.
1214 4539 1320 4598 DFd‘u
