3226 5238
543 417 872 489 LIB.11,5,92-o,52
1216 403 1280 472 175

29 601 31 620 a
69 629 74 636 .
116 597 118 602 ·
208 579 243 626 16
293 565 372 646 Ergo
396 564 448 625 ubi
471 583 518 625 me
542 567 573 624 in
596 568 713 630 montis
730 574 759 627 et
781 569 813 628 in
836 585 935 627 arcem
959 586 995 628 ex
1018 567 1092 630 urbe
1116 572 1243 650 remoui,

296 654 373 726 Ouid
395 656 480 733 prius
504 653 662 715 inlustrem
685 658 794 717 saturis
816 675 960 736 musaque
984 654 1137 737 pedestri?

294 743 355 804 Nec
379 742 524 810 malama
548 742 669 804 ambitio
692 744 791 822 perdit
813 763 869 805 nec
892 744 1181 824 plumbeus·duster
1248 777 1250 783 v

295 833 521 910 Autumnusque
545 834 658 913 grente,
681 830 825 908 Libitinae
849 842 991 912 quaestus
1014 834 1146 896 acerbae.
1201 899 1205 907 ,

208 931 245 980 20
294 921 436 981 Matutine
460 928 558 999 pater,
582 938 636 981 seu
659 921 727 981 lane
750 921 891 982 libentius
915 922 1012 1004 audiS,

296 1008 375 1070 Vnde
399 1009 534 1069 homines
558 1027 682 1089 operum
705 1012 818 1090 primos
841 1013 979 1090 uitaeque
1003 1011 1119 1072 labores

295 1097 458 1159 instituunt
481 1091 538 1179 (sio
562 1097 608 1158 dis
630 1092 800 1182 placitum),
823 1108 856 1161 tu
880 1102 1018 1160 carminis
1042 1109 1106 1161 esto

294 1187 485 1266 Principium.
531 1186 642 1247 Romae
667 1205 840 1267 sponsorem
864 1207 911 1249 me
934 1191 1022 1269 rapis.
1069 1185 1159 1265 beia,

209 1287 247 1336 24
296 1275 339 1335 Ne
362 1278 445 1355 prior
468 1275 566 1335 ollicio
590 1277 745 1355 quisquam
770 1277 960 1358 respondeat,
984 1273 1078 1358 urge'.

296 1363 365 1424 Sine
389 1363 494 1442 Aquilo
518 1364 595 1424 radit
617 1372 712 1425 terras
736 1383 789 1426 seu
812 1364 917 1426 bruma
943 1366 1070 1428 niualem

294 1452 439 1512 lnteriore
463 1452 541 1512 diem
564 1471 636 1533 gyro
660 1454 763 1534 trabit,
786 1456 831 1514 ire
855 1474 978 1516 necesse
1002 1464 1056 1517 est.

292 1541 468 1622 Postmodo,
491 1539 570 1619 quod
594 1543 634 1601 mi
658 1541 750 1624 obsit,
774 1542 852 1604 clare
876 1553 1051 1624 certumque
1074 1545 1174 1607 locuto

209 1642 246 1690 28
295 1629 480 1690 Luctandum
503 1633 533 1691 in
557 1629 644 1691 turba
668 1638 698 1691 et
721 1631 853 1692 iacienda
877 1634 985 1693 iniuria
1008 1633 1108 1695 tardis

294 1715 383 1789 ‘Quid
406 1721 467 1800 uis,
491 1720 608 1800 insane,
630 1727 661 1780 et
684 1737 757 1799 quas
782 1739 830 1780 res
853 1717 953 1801 agis?’
977 1721 1131 1803 improbus
1155 1733 1242 1802 urget

294 1805 379 1868 lratis
402 1807 556 1886 precibus:
580 1803 623 1868 ‘tu
647 1808 748 1888 pulses
771 1828 858 1870 omne
883 1811 961 1890 quod
985 1810 1097 1887 obstat,

294 1895 337 1956 td
359 1895 559 1957 Maecenatem
582 1899 707 1957 memori
731 1900 756 1958 si
778 1906 877 1958 mente
901 1895 1078 1962 recurrasi'

211 1997 247 2045 32
295 1983 358 2045 Hoc
381 1987 465 2046 iuuat
489 1993 519 2046 et
542 1985 622 2058 melli
645 1993 703 2067 est,
726 2005 786 2047 non
809 1989 944 2048 mentiar.
991 1998 1020 2049 at
1043 1989 1131 2050 simul
1154 1997 1233 2051 atras

293 2073 450 2135 Ventumst
472 2074 633 2156 Esquilias,
657 2075 751 2135 aliena
775 2077 891 2154 negotia
915 2085 1036 2144 centum,

293 2163 351 2222 Per
375 2172 464 2241 eaput
487 2172 517 2224 et
540 2165 617 2224 eirca
641 2163 749 2224 saliunt
772 2164 858 2226 latus.
905 2161 984 2226 ‘ante
1008 2167 1168 2227 secundam

293 2251 419 2312 Roscius
443 2251 546 2313 orabat
569 2251 624 2312 sibi
648 2252 767 2313 adesses
791 2253 826 2312 ad
849 2253 949 2333 puteal
973 2273 1047 2316 eras.

198 2353 246 2401 -36
294 2339 335 2400 De
359 2359 392 2401 re
417 2342 567 2402 communi
591 2340 705 2401 scribae
729 2359 833 2421 magna
856 2353 944 2421 atque
968 2362 1046 2404 noua
1069 2352 1099 2404 te

294 2427 425 2490 Orabant
447 2429 535 2490 bodie
559 2432 760 2511 meminisses,
783 2431 906 2512 Quinte,
930 2435 1050 2493 reuerti.

294 2517 446 2599 lmprimat
468 2519 528 2593 bis,
552 2537 639 2602 cura,
661 2519 815 2581 Maecenas
838 2522 921 2599 signa
945 2516 1081 2582 tabellis’.

293 2605 423 2668 Dixeris:
448 2603 620 2686 ‘experiar’z
644 2603 681 2668 ‘si
703 2610 764 2689 uis,
787 2605 885 2688 potes'
909 2609 989 2670 addit
1014 2619 1043 2670 et
1066 2612 1164 2671 instat.

211 2708 246 2756 4o
295 2694 445 2776 Septimus
469 2704 575 2778 octauo
597 2698 720 2776 propior
741 2698 800 2757 iam
823 2698 933 2777 ingerit
956 2717 1064 2781 annuS,

292 2783 336 2844 Ex
360 2803 419 2864 quo
443 2784 597 2846 Maecenas
620 2803 667 2846 me
691 2788 789 2865 eoepit
811 2786 920 2849 babere
944 2806 1067 2849 suorum

293 2871 326 2932 ln
350 2891 488 2954 numero,
512 2874 662 2935 dumtaxat
684 2874 721 2934 ad
745 2874 814 2956 hoo,
838 2894 927 2955 quem
950 2877 1054 2938 tollere
1078 2877 1148 2938 reda

293 2961 386 3023 Vellet
409 2964 467 3023 iter
490 2964 615 3042 faciens,
639 2970 670 3023 et
693 2965 742 3024 cui
765 2965 946 3026 concredere
970 2984 1064 3044 nugas

207 3063 242 3110 44
289 3049 353 3110 lloc
371 3069 479 3130 genus:
498 3047 582 3111 ‘bora
603 3059 692 3131 quota
708 3049 776 3112 est?
794 3053 910 3114 Thraex
926 3063 971 3114 est
986 3053 1097 3114 Gallina
1114 3054 1188 3133 Syro
1202 3051 1278 3133 par?

292 3139 435 3200 Matutine
458 3158 563 3219 parum
587 3148 689 3201 cautos
712 3143 770 3200 iam
794 3142 904 3221 frigora
927 3138 1090 3224 mordent,'

291 3226 330 3288 Et
353 3247 429 3308 quae
451 3231 561 3289 rimosa
583 3228 659 3290 bene
683 3228 874 3309 deponuntur
896 3233 927 3291 in
951 3249 1030 3291 aure.

293 3316 351 3377 Per
373 3324 470 3378 totum
492 3317 548 3378 boc
572 3326 689 3398 tempus
713 3317 875 3379 subiectior
897 3321 929 3379 in
953 3319 1030 3379 diem
1054 3319 1210 3380 ethoram

211 3418 246 3466 48
294 3405 426 3467 lnuidiae
450 3415 559 3468 noster.
604 3407 690 3467 ludos
715 3415 902 3487 spectauerat
926 3426 996 3482 una,

292 3494 418 3556 Luserat
439 3498 471 3556 in
495 3513 611 3574 campo:
635 3490 796 3556 ‘Fortunae
818 3492 908 3558 tilins'
932 3515 1044 3559 omnes.

291 3582 429 3663 Frigidus
452 3603 468 3643 a
491 3587 598 3644 rostris
622 3593 720 3646 manat
742 3603 796 3664 per
820 3589 947 3667 compita
969 3604 1085 3648 rumor:
1176 3575 1182 3582 Κ

293 3672 480 3751 (laticumque
503 3672 611 3734 obuius
634 3681 693 3754 est,
717 3692 763 3734 me
787 3675 928 3737 consulit:
952 3671 982 3736 ‘o
1004 3675 1081 3737 bone
1106 3670 1188 3758 (nam
1211 3683 1240 3737 te

211 3773 246 3822 ot
294 3759 392 3843 Scire,
415 3761 487 3822 deos
511 3764 650 3840 qnoniam
673 3765 795 3843 propius
820 3766 979 3845 contingis,
1003 3759 1169 3846 oportet),'

549 3915 864 4007 ovouoott'ootv
1372 4016 1373 4020 Ν

203 4045 238 4094 23
257 4037 323 4095 heia
340 4037 415 4111 qFlo
452 4003 525 4096 liat
562 4040 607 4096 eia
624 4041 900 4111 pomanoethoet
971 4057 1018 4098 uu.
1038 4045 1161 4097 att-117
1180 4041 1278 4098 desum

29 4099 31 4184 t
134 4106 191 4164 rav
265 4115 299 4166 n
314 4112 401 4181 quoa]
418 4111 486 4180 quic
500 4111 654 4181 pumen
690 4111 729 4165 mr
744 4113 838 4180 atym
874 4112 1120 4168 maturamus
1157 4113 1274 4184 cenum]

133 4181 252 4237 multum
265 4182 381 4237 Seruius
417 4182 512 4238 locuto
531 4183 626 4251 opple
640 4181 756 4236 Seruius
791 4182 879 4238 locuti
894 4179 943 4237 Ft‘
1018 4190 1051 4237 29
1071 4184 1144 4249 Quid
1162 4185 1216 4239 tibi
1233 4186 1276 4239 uie

134 4250 265 4322 ongt‘L
302 4252 375 4318 Quid
388 4254 432 4307 uis
445 4258 460 4308 t
466 4271 498 4323 p.
509 4271 563 4309 ras.
575 4254 601 4306 L
605 4269 636 4322 p.
646 4269 700 4308 ros.
711 4269 746 4338 op
782 4254 854 4324 agis]
870 4256 944 4308 omis.
956 4271 992 4324 gp
1065 4260 1098 4309 32
1113 4255 1191 4310 melli
1205 4257 1278 4324 aylL

136 4319 321 4392 Porpb.'Acr.
358 4323 415 4378 mel
428 4329 460 4378 to
496 4325 596 4380 melius
610 4323 641 4377 F
654 4324 725 4394 Ppb.
771 4325 812 4394 at]
828 4341 890 4379 aco
927 4342 987 4379 cum
1001 4343 1028 4378 u.
1044 4331 1079 4378 34
1091 4328 1162 4380 redit
1176 4328 1233 4382 cod.
1247 4326 1278 4379 E

201 4400 237 4448 44
251 4393 377 4464 gallina,
392 4395 552 4464 Kraffertus
614 4401 649 4449 48
663 4394 801 4463 Inuidiae3
815 4397 911 4449 noster
924 4395 1114 4464 pixiacensi
1150 4397 1276 4452 Inuidiae

135 4499 468 4627 (inuitareyptnoaeraqn
496 4471 742 4556 tnuta'iaen‘i'sru
771 4503 872 4558 noster.
884 4502 964 4560 tucos
973 4503 1064 4559 aasz.
1088 4505 1275 4576 spectauerat]

133 4588 195 4645 spec
211 4589 289 4627 euers
318 4589 336 4641 9
