3220 5234
756 329 948 378 SERMONVM

357 491 391 540 24
436 480 628 556 Percurram,
651 459 844 559 (quamquem
866 475 1014 536 ridentem
1037 475 1137 534 dicere
1161 491 1267 534 uerum

438 567 514 639 Quid
540 562 643 628 netet?
666 573 700 626 ut
721 567 824 645 pueris
848 564 917 624 olim
940 563 1011 624 dant
1034 563 1167 624 crustula
1190 561 1288 622 blandi

438 656 595 738 Hectores,
619 653 764 715 elementa
787 653 882 714 uelint
904 661 938 713 ut
961 651 1083 712 discere·
1099 654 1211 732 prima,

439 744 497 806 Sed
521 751 620 806 tamen
644 750 741 804 amoto
764 759 949 821 quaeramus·
966 743 1043 802 seria
1066 735 1166 821 ludo):

359 846 393 894 28
438 833 490 895 llle
513 849 635 912 grauem
659 832 734 892 duro
758 839 868 892 terrem
892 831 943 910 qui
966 831 1059 890 uertit
1081 837 1194 908 aratro,

438 921 573 982 Perfidus
596 921 645 981 hic
669 938 778 1001 caupo,
802 919 886 980 miles
909 927 1075 996 nautaeque
1099 934 1263 998 peremne

438 1011 572 1073 Audaces
595 1026 677 1070 mare
700 1011 752 1088 qui
775 1017 915 1088 currunt,
937 1007 992 1068 hac
1015 1015 1114 1067 mente
1137 1005 1268 1066 laborem

440 1100 513 1160 Sese
536 1098 630 1181 ferre,
653 1115 739 1158 senes
763 1098 850 1158 utin
873 1099 933 1158 otia
956 1103 1019 1158 tuta
1042 1094 1196 1169 recedant,

361 1201 394 1248 32
440 1189 544 1268 Aiunt,
567 1206 636 1248 cum
660 1186 717 1247 sibi
740 1188 800 1246 sint
822 1193 962 1264 congesta
985 1184 1109 1245 cibaria:
1132 1185 1211 1244 sieut

438 1276 565 1337 Paruola
589 1269 672 1357 (nam
696 1273 830 1353 exemplo
854 1269 915 1355 est)
938 1276 1037 1353 magni
1061 1273 1183 1333 formica
1206 1270 1315 1332 laboris

440 1365 499 1426 Ore
522 1363 614 1426 trahit
636 1363 845 1443 quodcumque
868 1370 967 1442 potest
990 1369 1078 1441 atque
1102 1360 1182 1422 addit
1205 1377 1313 1419 aceruo

441 1454 536 1524 Quem
560 1454 663 1534 struit,
686 1451 758 1512 haut
780 1454 881 1531 ignara
904 1469 938 1512 ac
961 1469 1021 1512 uon
1043 1452 1162 1511 incauta
1185 1450 1287 1509 luturi.

362 1555 396 1604 ae
443 1544 539 1624 Quae,
562 1541 650 1602 simul
668 1543 823 1603 iuuersum
847 1542 1002 1601 contristat
1024 1539 1171 1618 Aquarius
1195 1555 1319 1616 aunum,

440 1632 507 1692 Non
529 1647 656 1710 usquam
679 1631 813 1709 prorepit
837 1637 866 1690 et
888 1628 946 1690 illis
969 1629 1065 1690 utitur
1088 1635 1155 1688 aute
1282 1691 1284 1695 ,

442 1720 591 1790 Quaesitis
614 1720 745 1800 patiens,
768 1736 837 1778 cum
860 1725 889 1779 te
913 1735 1010 1797 neque
1035 1716 1168 1778 feruidus
1192 1724 1292 1775 aestus

442 1810 604 1869 llemoueat
626 1807 725 1889 lucro,
748 1825 845 1886 neque
868 1806 979 1888 hiems,
1001 1807 1092 1890 ignis,
1115 1822 1210 1885 mare,
1233 1805 1360 1883 lerrunr,

361 1907 396 1958 40
441 1897 488 1959 Nil
512 1895 610 1957 obstet
632 1895 699 1978 tibi,
723 1895 795 1956 dum
818 1914 855 1956 ne
879 1897 918 1956 sit
941 1905 970 1956 te
993 1894 1083 1954 ditior
1106 1893 1188 1953 alter.

442 1985 520 2056 Quid
543 1987 641 2065 iuuat,
663 1986 831 2044 inmensum
854 1991 883 2044 te
908 1985 1023 2063 argenti
1046 1982 1162 2062 pondus
1186 1989 1216 2042 et
1238 1982 1303 2041 auri

442 2075 557 2135 Furtim
580 2073 698 2134 defossa
719 2073 856 2134 timidum
878 2072 1027 2152 deponere
1052 2067 1153 2132 terra?
1213 2084 1217 2090 ·

444 2159 542 2234 ‘Quod
566 2164 592 2223 si
614 2157 814 2242 comminuas,
837 2160 927 2222 uilem
951 2160 1102 2239 redigatur
1125 2159 1161 2219 ed
1184 2152 1301 2218 assem?

363 2263 398 2312 44
444 2252 481 2313 At
503 2253 535 2311 ni
557 2250 588 2310 id
611 2250 657 2333 fit,
679 2251 750 2330 quid
774 2250 862 2311 hahet
884 2249 1002 2329 pulchri
1024 2253 1216 2309 constructus
1239 2243 1389 2308 aceruus?

443 2338 521 2400 llilia
544 2339 686 2400 frumenti
709 2347 760 2400 tua
782 2341 902 2399 triuerit
924 2357 992 2399 area
1015 2345 1150 2419 centum,

443 2428 509 2490 Non
532 2436 602 2489 tuus
625 2427 682 2488 hoc
706 2430 803 2508 capiet
826 2433 933 2488 uenter
956 2426 1023 2506 plus
1046 2445 1080 2486 ac
1103 2443 1202 2506 meus,
1225 2433 1258 2485 ut
1282 2426 1306 2484 si

443 2516 613 2579 Reticulum
634 2518 719 2597 panis
743 2516 857 2577 uenalis
880 2517 959 2576 inter
981 2523 1089 2576 onusto

364 2618 399 2666 48
444 2606 532 2667 Forte
556 2604 648 2666 uehas
671 2623 789 2687 umero,
813 2605 904 2664 nihilo
927 2605 994 2684 plus
1017 2605 1143 2683 accipias
1167 2620 1255 2681 quam
1290 2669 1295 2674 ,

445 2694 503 2764 Qui
526 2694 568 2754 nil
589 2696 724 2773 portarit.
748 2693 797 2754 uel
820 2693 881 2774 dic,
905 2692 974 2772 quid
999 2694 1109 2753 referat
1131 2695 1210 2752 intra
1264 2689 1294 2758 “,

444 2782 573 2842 Naturae
596 2783 664 2842 finis
686 2783 815 2863 uiuenti,
837 2785 940 2861 iugera
963 2790 1082 2843 centum
1107 2798 1144 2840 an

429 2869 523 2930 'llille
546 2867 632 2931 aret?
656 2865 697 2931 ‘at
719 2879 842 2932 suauest
865 2889 900 2930 ex
923 2888 1030 2949 magno
1054 2869 1157 2930 tollere
1180 2863 1311 2928 aceruo'.

367 2972 400 3019 52
445 2958 522 3019 llum
545 2977 581 3019 ex
604 2976 698 3038 paruo
721 2959 806 3019 nohis
830 2959 1004 3019 tantundem
1026 2959 1147 3019 haurire
1170 2956 1334 3037 relinquas,

446 3047 506 3107 Cur
529 3055 580 3108 tua
602 3046 670 3126 plus
693 3046 794 3109 laudes
818 3050 948 3108 cumeris
971 3049 1105 3126 granaria
1128 3041 1262 3107 nostris?

446 3135 482 3197 Vt
504 3135 559 3197 tibi
581 3137 608 3196 si
631 3138 670 3197 sit
693 3154 768 3216 opus
792 3135 895 3214 liquidi
919 3155 978 3196 non
1002 3135 1127 3214 amplius
1150 3152 1226 3195 urna

445 3223 497 3284 Vel
519 3225 638 3306 cyatho,
661 3233 691 3286 et
714 3226 795 3285 dicas
818 3219 935 3303 ‘magno
959 3225 995 3284 de
1018 3224 1140 3284 flumine
1163 3222 1294 3303 mallem,

367 3325 401 3374 55
447 3312 542 3382 Quam
565 3332 602 3373 ex
625 3312 680 3374 hcc
704 3312 847 3374 fonticulo
871 3314 1045 3374 tantundem
1069 3306 1209 3373 sumere'.
1233 3329 1268 3372 eo
1292 3311 1337 3392 iit,

446 3399 566 3462 Plenior
588 3409 623 3463 ut
645 3402 747 3486 siquos
770 3400 898 3462 delectet
921 3404 1006 3480 copia
1028 3403 1120 3482 iusto,

448 3488 522 3548 Cum
544 3491 608 3569 ripa
632 3489 720 3550 simul
743 3489 860 3552 auolsos
883 3490 959 3551 ierat
982 3489 1104 3550 Autidus
1127 3507 1204 3550 acer.

449 3578 486 3638 At
508 3579 560 3657 qui
583 3578 689 3639 tantuli
712 3587 792 3660 eget,
815 3587 956 3657 quantost
978 3597 1067 3658 opus,
1090 3580 1115 3638 is
1139 3595 1237 3657 ueque
1260 3575 1329 3638 limo

287 3681 500 3690 ——-—-.-.

514 3729 1209 3820 avaBpDRlipap)l'(il)d'(dz)rr'(ermoldo)

359 3840 394 3889 24
421 3835 527 3906 dicere]
555 3835 661 3890 discere
684 3833 777 3906 opRn'
854 3843 888 3891 27
917 3836 1019 3892 emisso
1042 3837 1070 3890 B
1150 3843 1185 3890 29
1213 3852 1302 3905 caupo
1325 3851 1395 3890 omn.

288 3922 420 3976 campoy
491 3913 525 3960 35
545 3906 645 3962 emenii
657 3904 760 3962 Ftro'a
832 3914 865 3962 38
884 3907 994 3977 potiens
1008 3903 1144 3976 avaRu'
1155 3908 1220 3963 Aer.
1236 3923 1309 3962 cons
1321 3901 1433 3974 Porph!

323 3976 437 4046 paciens
463 3976 567 4046 EpDL
611 3977 721 4047 sepiens
749 3973 870 4032 Ft'd'uu
879 3996 958 4033 darm
1022 3985 1056 4033 39
1083 3978 1241 4032 Demoueai
1263 3971 1395 4031 aEBRu‘

287 4043 606 4118 Dimoueaipvat'd'u'
633 4049 821 4104 Dummoueet
830 4050 872 4102 Dr
935 4055 970 4102 44
980 4049 1115 4104 aceruiso
1146 4049 1284 4104 aceruoB
1316 4064 1435 4102 acernus

289 4123 347 4173 cett.
419 4124 453 4173 46
472 4135 506 4173 ac
524 4109 739 4173 vBFt'o'Rmu'
776 4137 861 4188 quam
879 4120 1018 4190 apEpDL
1037 4114 1149 4188 Porph!
1163 4120 1229 4174 Aer.
1304 4125 1337 4172 52
1358 4117 1399 4172 Cir
1414 4135 1436 4172 u

361 4195 394 4242 53
417 4189 514 4244 leudes
538 4189 669 4261 cumeris]
692 4189 790 4244 leudes
813 4190 930 4245 emneris
949 4194 1043 4259 apel
1084 4190 1203 4245 cumeris
1225 4189 1325 4244 leudes
1342 4206 1363 4242 u

290 4265 324 4313 55
342 4259 457 4313 mallem
475 4260 647 4330 ovapDIzo
686 4260 772 4316 molle
790 4261 818 4313 B
858 4261 955 4315 nralim
974 4256 1138 4316 Brutone
1172 4261 1256 4316 melis
1276 4254 1386 4328 Porph!
1403 4260 1437 4314 iu

289 4331 427 4398 interpret.
464 4330 546 4384 malit
558 4332 625 4386 Aer.
639 4332 671 4386 in
684 4333 821 4400 interpret.
895 4338 928 4385 54
944 4332 1065 4387 delectet
1079 4325 1338 4402 avaBpDRd'rr'o
1353 4331 1426 4400 Pplr.

326 4399 449 4456 delectet
463 4395 535 4456 Ft'u
606 4407 640 4457 58
658 4403 778 4466 44441444,
802 4403 831 4455 D
903 4409 936 4457 59
955 4405 1034 4458 lanto
1052 4403 1169 4473 legeiB
1206 4403 1287 4457 tenio
1302 4403 1368 4471 eget
1380 4417 1399 4470 p

290 4468 396 4524 tantuli
414 4466 609 4538 cvaDRd'u'
646 4471 755 4527 tantulo
803 4466 855 4528 i'u'
