3226 5238
587 359 654 405 cre.
669 359 695 425 1,
711 358 739 424 1,
753 358 859 407 ee-so

224 517 261 568 56
307 505 406 566 Laeuo
430 507 568 584 suspensi
591 504 704 566 loculos
726 504 914 584 tabulamque
938 505 1057 567 lacerto.

307 592 361 655 Est
383 596 500 655 animus
523 593 590 672 tibi,
614 603 684 654 sunt
707 612 804 655 mores
828 602 858 654 et
880 594 980 674 lingna
1003 595 1150 675 tidesque,

248 704 254 719 ,
309 683 366 744 Sed
391 682 615 762 quadringentis
638 701 690 742 sex
713 692 827 762 septem
850 683 930 743 milia
953 683 1074 745 desunt:

306 771 400 832 Plebs
417 774 486 832 eris.
533 779 562 832 at
585 773 671 850 pueri
694 770 831 833 ludentes
855 767 918 838 ‘rex
942 767 1013 833 eris'
1038 775 1121 834 aiunt

227 875 262 922 60
309 856 352 920 ‘Si
375 869 457 920 recte
481 855 592 922 lacies’.
638 859 686 920 hic
709 879 814 921 murus
837 878 947 921 aeneus
971 868 1049 942 esto,
1102 919 1106 924 .

308 949 354 1009 Nil
378 951 512 1010 conscire
537 947 607 1030 silei,
630 948 710 1008 nulla
733 949 896 1028 pallescere
919 949 1012 1029 culpa.

308 1037 427 1118 Roscia,
450 1037 498 1098 dic
521 1037 622 1117 sodes,
645 1037 750 1098 melior
772 1039 818 1100 lex
842 1057 878 1098 an
902 1057 1065 1117 puerorum
1089 1047 1135 1100 est

308 1127 415 1206 Nenia,
438 1143 513 1206 quae
537 1144 663 1205 regnum
686 1135 768 1187 recte
792 1125 969 1188 iacientibus
993 1129 1093 1209 ollert,

229 1229 263 1276 64
309 1215 347 1276 Et
369 1213 501 1275 maribus
525 1213 622 1275 Curiis
646 1224 676 1276 et
698 1215 851 1276 decantata
876 1213 1025 1276 Camillis?

195 1380 205 1384 -
309 1304 374 1364 lsne
399 1302 453 1364 tibi
475 1302 581 1364 melius
605 1304 722 1385 suadet,
746 1291 797 1383 qul
820 1323 884 1366 rem
907 1307 1010 1387 iacias,
1033 1324 1111 1386 rem,

283 1447 285 1450 ,
310 1393 340 1453 Si
363 1395 472 1473 possis,
496 1401 598 1473 recte,
615 1396 640 1452 si
663 1411 735 1472 non,
759 1388 947 1472 quocumque
968 1394 1058 1468 niodo
1082 1413 1160 1474 rem,

309 1482 346 1542 Vt
367 1484 490 1561 propius
514 1489 631 1560 spectes
655 1481 820 1542 lacrumosa
842 1475 978 1568 poemata
1000 1483 1089 1565 Pupi,

230 1584 263 1632 68
310 1572 353 1631 An
378 1573 429 1649 qui
451 1569 600 1631 Fortunae
625 1579 653 1630 te
677 1589 853 1649 responsare
878 1571 1022 1650 superbae

308 1659 449 1720 Liberum
472 1668 502 1720 et
526 1667 659 1720 erectum
681 1677 824 1738 praesens
847 1659 983 1720 hortatur
1006 1668 1037 1721 et
1059 1658 1161 1740 aptat?

309 1748 423 1820 Quodsi
445 1765 492 1808 me
516 1748 643 1827 populus
667 1748 817 1809 Romanus
842 1750 918 1810 lorte
942 1759 1042 1830 roget,
1066 1766 1121 1809 cur

309 1837 374 1897 Non
397 1845 431 1897 ut
454 1836 618 1916 porticibus
642 1839 685 1897 sic
707 1837 825 1898 indiciis
841 1838 930 1898 *fruar
953 1838 1084 1920 isdem,

232 1938 264 1986 te
310 1927 370 1986 Nec
395 1944 502 2004 sequar
526 1933 575 1986 aut
599 1927 708 2004 tugiam
733 1945 808 2005 quae
832 1925 926 2005 diligit
949 1929 1012 2006 ipse
1037 1926 1085 1987 uel
1108 1926 1183 2007 odit,

309 2013 386 2075 Olim
411 2014 489 2094 quod
513 2014 616 2093 uolpes
640 2022 760 2093 aegroto
785 2023 870 2076 cauta
892 2015 971 2074 leoni
1154 2069 1155 2074 ,

310 2103 474 2182 Respondit
496 2104 639 2164 referam:
663 2098 743 2181 ‘quia
765 2121 812 2163 me
837 2105 961 2181 uestigia
985 2111 1112 2184 terrent,
1136 2107 1139 2110 ’
1203 2158 1206 2164 .

311 2191 416 2252 Omnia
440 2200 473 2252 te'
493 2191 653 2252 aduersum
677 2177 852 2273 spectantia,
876 2191 956 2253 nulla
979 2187 1166 2252 retrorsnm'.
1270 2253 1274 2260 ,
1382 2265 1388 2280 x

231 2293 263 2340 76
310 2280 400 2340 Belua
419 2279 633 2341 multorum'es
652 2282 795 2359 capitum:
813 2298 881 2340 narn
901 2281 972 2358 quid
990 2297 1098 2360 sequar
1117 2288 1167 2341 aut
1182 2277 1293 2360 quem?

309 2370 382 2429 Pars
404 2369 558 2430 lronrinum
582 2372 671 2448 gestit
695 2369 862 2430 conducere
885 2368 1015 2450 publica,
1031 2377 1109 2440 *sunt
1133 2372 1183 2448 qui

310 2458 425 2519 Frustis
449 2466 479 2518 et
501 2461 596 2538 pomis
619 2458 725 2518 uiduas
748 2466 897 2519 necentur
920 2477 1024 2518 auaras

310 2545 525 2626 Excipiamque
549 2565 636 2608 senes
660 2564 734 2626 quos
758 2549 787 2608 in
811 2549 926 2608 uiuaria
950 2549 1081 2628 mittant3

230 2647 264 2695 80
310 2635 409 2696 Multis
433 2635 550 2696 occulto
575 2639 683 2696 crescit
706 2654 755 2696 res
779 2637 906 2696 faenore.
953 2655 1060 2696 uerum

309 2724 382 2785 Esto
405 2724 469 2784 aliis
493 2724 565 2785 alios
588 2723 678 2785 rebus
702 2725 867 2804 studiisque
892 2727 1002 2793 teneri:

309 2812 390 2873 ldern
414 2812 516 2874 eadem
538 2822 665 2892 possunt
687 2813 791 2874 horam
814 2815 921 2874 durare
946 2809 1127 2892 probantes?

311 2897 427 2964 ‘Nullus
450 2903 481 2961 in
505 2901 576 2962 orbe
601 2905 685 2963 sinus
708 2901 776 2963 Bais
799 2903 951 2981 praelucet
974 2895 1118 2963 amoenis’

231 3002 264 3050 81
311 2990 343 3051 Si
367 2990 440 3050 dixit
463 2990 561 3070 dirce,
584 2991 666 3052 lacus
689 3001 719 3052 et
742 3009 822 3051 mare
847 2994 937 3052 sentit
961 3010 1091 3052 amorem

310 3079 488 3140 Festinantis
512 3082 569 3160 eri,
592 3081 640 3141 cni
664 3082 690 3140 si
713 3081 818 3140 uitiosa
841 3078 932 3140 libido

232 3169 243 3176 ’
309 3167 427 3228 Fecerit
450 3169 629 3248 auspicium,
653 3186 719 3228 cras
743 3169 921 3228 ferramenta
945 3167 1077 3227 Teanum

391 3336 1058 3428 A'(Aa)vapRF(prp)i'(ll)d'(dn)en'(nL)e

222 3478 249 3515 n.
273 3467 307 3516 56
331 3463 418 3516 delent
441 3462 563 3533 anetns
586 3463 709 3538 atttgnn
728 3479 794 3516 nnn
816 3463 926 3516 turbato
952 3463 984 3515 in
1006 3462 1177 3530 sequentibus
1200 3463 1296 3516 ordine

151 3538 175 3587 ct
190 3533 393 3603 Porphyriones
410 3535 517 3588 silentio
536 3535 603 3588 odeo
622 3538 758 3602 anpentnr
771 3534 946 3602 scapionones,
965 3539 996 3586 nt
1010 3534 1099 3600 socen
1112 3533 1295 3601 nonpossint,

150 3605 218 3673 quin
249 3605 322 3657 hunc
348 3621 458 3659 neroum
485 3622 518 3658 en
545 3621 622 3659 serm.
651 3607 664 3658 I
687 3611 716 3672 6,
741 3610 775 3658 74
798 3621 944 3673 perperam
970 3606 1023 3658 hnc
1050 3605 1216 3658 translatum
1243 3621 1297 3658 esse

151 3676 336 3740 ordinantem
354 3691 404 3730 nos
421 3677 586 3730 retinuimus
605 3676 743 3730 lectiottem
761 3676 840 3730 libris
853 3676 995 3741 traditum,
1013 3677 1143 3744 qnoniam
1159 3676 1295 3745 Porplnyr.
1376 3684 1382 3687 “

149 3747 258 3800 silentio
280 3746 353 3800 citit
371 3747 510 3815 probator
579 3748 678 3802 habent
696 3764 723 3800 n.
743 3752 777 3801 56
802 3748 916 3801 codices·
928 3748 1017 3801 nostri
1040 3748 1077 3801 ad
1094 3763 1181 3800 nnnrn
1199 3762 1295 3812 omncs,

150 3821 290 3871 testantur·
304 3818 385 3871 diam
403 3818 483 3872 schol.
495 3821 522 3870 Γ
531 3818 610 3887 ploos.
623 3822 649 3871 Γ
663 3819 827 3888 Ῐῑονίῑοφίαυι
839 3818 1071 3872 Nostrndamense
1141 3834 1168 3870 n.
1184 3821 1217 3870 57
1233 3820 1297 3869 ante

150 3905 177 3941 n.
198 3893 232 3942 58
255 3888 354 3942 habent
379 3906 398 3942 c
412 3905 481 3943 corr.
497 3888 543 3958 Ep
566 3889 678 3958 florilep.
702 3889 879 3943 Nostradanr.
903 3905 930 3942 n.
950 3893 984 3942 58
1008 3892 1070 3941 ante
1093 3905 1119 3940 n.
1141 3893 1173 3941 57
1197 3886 1297 3940 nabent

151 3953 392 4026 A'yvnnt'dsn‘v
457 3965 491 4013 57
505 3959 567 4030 nst]
583 3962 637 4014 Ast
651 3955 695 4029 d'y
728 3961 771 4014 est
784 3959 881 4028 lingua
894 3959 941 4028 Ep
955 3957 1067 4026 floriiep.
1082 3958 1259 4012 Nostrndant.

151 4033 180 4083 et
207 4028 305 4098 lingua
327 4035 386 4084 cett.
432 4029 541 4099 lingua,
566 4047 615 4084 om.
640 4032 670 4085 et
691 4031 735 4083 nel
758 4032 813 4097 est,
836 4047 855 4098 p
930 4033 964 4083 58
993 4027 1058 4098 Sed]
1084 4027 1150 4097 Sip
1196 4027 1297 4082 desunt

153 4095 362 4169 A'vaqu'sn
407 4100 500 4156 desint
527 4097 622 4154 Ft'Lo
704 4118 752 4156 nn.
777 4105 908 4155 65-106
936 4101 1069 4154 desnnta
1155 4104 1188 4152 69
1217 4100 1297 4166 aptat

35 4155 36 4158 ‘
151 4165 399 4239 n‘pnnrnnn
418 4172 497 4226 aanor.
510 4175 536 4224 r
574 4173 656 4240 optat
672 4172 701 4256 91
705 4188 752 4239 pr.
826 4177 857 4256 n
877 4169 967 4224 rerem
987 4164 1180 4252 ,17911815
1221 4168 1297 4222 roem

151 4241 247 4309 pERn
312 4247 344 4296 72
359 4244 409 4296 aut
421 4239 549 4312 A'pEpL
581 4259 613 4296 ao
628 4242 698 4296 Flo
731 4243 760 4296 et
773 4241 868 4295 ann
899 4257 971 4308 quae
986 4237 1167 4309 apEdeIn)
1181 4241 1260 4294 schol.
1274 4243 1300 4292 Γ

187 4330 242 4381 que
269 4309 338 4366 Avi'
389 4331 472 4380 quem
498 4313 548 4367 En
634 4319 667 4366 76
700 4325 783 4380 quem
815 4308 987 4380 A'pEpRLo
1038 4327 1110 4378 quae
1142 4305 1262 4365 5771511

152 4413 218 4504 llll
300 4442 334 4491 ‘18
361 4435 521 4491 Fruistisd
566 4436 674 4490 Frustis
701 4439 758 4492 cett.
782 4437 860 4504 plote.
878 4438 904 4487 Γ
947 4434 1052 4490 Orestis
1074 4452 1093 4509 p
1117 4435 1224 4507 defice

142 4513 186 4563 ·83
206 4507 273 4564 orbe
291 4502 508 4578 A'vapRt'n'n
526 4508 605 4577 piosa.
618 4511 643 4560 Γ
677 4506 744 4570 urbe
763 4502 818 4564 Fe'
