3226 5238
300 437 365 504 216
469 509 472 520 ,
749 451 994 500 nrrsrvuanvu

460 603 526 663 Non
549 611 607 680 ego'
627 597 770 660 nobilium
794 601 973 678 scriptorum
998 596 1115 658 auditor
1138 603 1169 656 et
1193 595 1271 656 ultor

381 704 415 753 4ο
462 691 673 750 Grammaticos
697 687 808 748 ambire
832 687 929 749 tribus
953 693 983 746 et
1005 685 1118 766 pulpita
1141 685 1263 764 dignor:

461 780 536 840 Hinc
559 779 624 838 illae
648 778 794 838 lacrimae.
840 771 956 856 ‘spissis
979 774 1098 854 indigna
1122 774 1246 835 theatris

462 869 579 948 Scripta
601 867 694 947 pudet
717 868 843 926 recitare
868 873 897 925 et
920 866 1007 943 nugis
1030 863 1138 942 addere
1161 857 1289 943 pondus'

462 957 494 1017 Si
517 956 591 1037 diri,
615 950 718 1017 ‘rides'
743 957 783 1015 ait
806 950 849 1014 ‘et
871 953 950 1014 louis
974 952 1096 1014 auribus
1119 955 1176 1012 ista

464 1046 588 1106 Scruas:
612 1045 678 1105 ndis
702 1046 781 1104 enim
804 1061 925 1103 manare
949 1043 1066 1122 poetica
1088 1040 1175 1101 mella
1330 1059 1335 1092 ι

462 1135 504 1194 Te
527 1134 637 1215 solum,
661 1133 715 1194 tibi
738 1126 883 1212 pulcher.'
929 1131 1060 1191 adhaec
1084 1149 1138 1209 ego
1162 1129 1285 1190 naribus
1308 1131 1356 1190 uti

462 1223 601 1283 Formido
626 1231 668 1303 et,
692 1222 831 1283 luctantis
855 1227 942 1281 acuto
965 1239 1002 1280 ne
1027 1238 1112 1280 secer
1135 1221 1242 1300 ungui,

463 1307 618 1391 ‘Displicet
640 1314 696 1372 iste
720 1304 816 1371 locus'
841 1310 934 1370 clamo
958 1317 988 1370 et
1011 1309 1121 1369 diludia
1143 1327 1242 1387 posco.

462 1401 564 1462 Ludus
588 1403 669 1461 enim
691 1402 794 1479 genuit
817 1398 966 1478 trepidum
990 1405 1142 1459 certamen
1166 1405 1196 1458 et
1218 1400 1308 1478 iram,

462 1490 509 1550 lra
533 1497 634 1550 truces
657 1490 827 1550 inimicitias
851 1496 882 1548 et
904 1488 1029 1549 funebre
1053 1486 1171 1548 bellum.

769 1702 981 1710 ———

848 1898 902 1958 XX

463 2023 659 2085 Vortumnum
682 2023 859 2106 lanumque,
882 2023 971 2105 liber,
994 2031 1128 2104 spectare
1152 2023 1279 2106 uideriS,

464 2113 584 2173 Scilicet
607 2121 641 2174 ut
662 2119 780 2192 prostes
804 2113 959 2174 Sosiorum
981 2116 1098 2193 pumice
1124 2112 1261 2173 mundus.

464 2202 561 2263 Odisti
584 2202 677 2263 clauis
700 2211 731 2262 et
753 2211 835 2282 grata
859 2202 952 2281 sigilla
975 2202 1098 2284 pudico,

463 2292 570 2351 Paucis
594 2291 711 2351 ostendi
734 2294 828 2370 gemis
851 2299 881 2352 et
905 2293 1072 2353 communia
1095 2291 1212 2372 laudas,

463 2381 528 2440 Non
552 2383 593 2440 ita
615 2383 755 2441 nutritus.
802 2382 884 2462 iuge,
908 2399 967 2460 quo
990 2381 1173 2441 descendere
1197 2382 1301 2459 gestis:

463 2470 529 2529 Nou
553 2472 610 2529 crit
634 2472 742 2529 emisso
766 2470 880 2530 reditus
903 2469 966 2531 tibi.
1013 2465 1095 2548 ‘quid
1120 2471 1210 2529 miser
1233 2465 1302 2547 egi?

467 2557 544 2629 Quid
568 2553 682 2619 uolui?'
706 2559 801 2639 dices,
824 2558 876 2620 ubi
899 2558 971 2638 quid
994 2567 1023 2619 te
1047 2558 1179 2639 laeserit,
1198 2566 1229 2618 et
1252 2559 1310 2617 scis

465 2648 498 2707 ln
521 2645 614 2708 breue
638 2655 667 2708 te
691 2650 770 2729 cogi,
794 2667 862 2708 cum
885 2648 991 2727 plenus
1015 2647 1135 2726 languet
1159 2656 1278 2708 amator.

465 2735 578 2806 Quodsi
601 2754 661 2796 uon
684 2737 751 2796 odio
774 2740 926 2816 peccantis
949 2737 1058 2815 desipit
1081 2755 1189 2818 augur,

465 2823 558 2884 Carus
582 2826 642 2884 eris
664 2825 788 2906 Itomae,
812 2826 906 2886 donec
930 2833 959 2886 te
982 2826 1101 2886 deserat
1124 2833 1217 2906 aetas3
1241 2874 1249 2890 .

466 2912 673 2973 contractatus
696 2913 748 2974 uhi
771 2914 907 2975 manibus
932 2915 1105 2975 sordescere
1131 2914 1209 2994 uolgi

466 3001 621 3083 Coeperis,
644 3011 694 3063 aut
718 3006 812 3064 tineas
835 3023 939 3083 pasces
963 3006 1129 3064 taciturnus
1152 3006 1272 3084 inertiS,

465 3091 523 3150 Aut
547 3092 642 3170 lugies
664 3091 777 3153 Vticam
801 3100 851 3153 ant
874 3095 994 3153 uinctus
1018 3094 1145 3152 mitteris
1168 3091 1302 3153 ilerdam.

465 3178 584 3240 Ridebit
606 3183 736 3241 monitor
759 3200 819 3241 non
844 3182 999 3242 exauditus
1024 3188 1056 3242 ut
1079 3181 1142 3263 ille,

466 3269 524 3339 Qui
547 3269 620 3329 male
640 3280 795 3348 parentem
818 3273 849 3330 in
872 3289 963 3350 rupes
986 3273 1134 3350 protrusit
1156 3271 1279 3330 asellum

464 3358 576 3419 Iratus:
599 3360 666 3436 quis
690 3361 769 3419 enim
792 3362 920 3420 inuitum
944 3378 1064 3420 seruare
1089 3356 1223 3420 laboret?

465 3445 528 3505 Hoc
552 3465 670 3525 quoque
694 3455 723 3507 te
747 3456 859 3529 manet,
882 3457 916 3509 ut
938 3467 1048 3526 pueros
1072 3447 1216 3509 elementa
1240 3448 1403 3508 docentem

466 3533 601 3613 Occupet
623 3539 764 3596 extremis
786 3539 817 3597 in
841 3540 916 3597 uicis
936 3537 1021 3597 balba
1044 3545 1191 3597 senectus.

467 3621 541 3682 Cum
566 3623 619 3683 tibi
642 3623 686 3684 sol
710 3625 828 3705 tepidus
851 3627 945 3706 pluris
970 3627 1135 3686 admouerit
1159 3628 1253 3706 auris,
1330 3677 1333 3688 ,

387 3722 421 3770 20
465 3710 511 3770 Me
535 3709 672 3772 libertino
696 3722 797 3774 natum
821 3723 904 3794 patre
929 3723 958 3774 et
981 3717 1011 3775 in
1035 3717 1119 3775 tenui
1141 3734 1174 3775 re

572 3855 1183 3993 Aoasertor<producor)v

378 4030 412 4078 39
436 4023 559 4114 auditor]
578 4025 741 4108 adiutorde
816 4045 863 4082 ue.
883 4033 926 4083 46.
946 4034 979 4114 47
999 4030 1127 4109 decumo
1184 4034 1241 4114 ,46
1260 4029 1299 4099 et]
1319 4032 1395 4084 omis
1414 4029 1470 4090 ἴα

308 4112 376 4220 ‘litt
389 4095 570 4221 iiltdilt
592 4101 742 4221 otili
766 4098 861 4224 atii
879 4099 1468 4236 tptttttttlttttlttttt

348 4238 452 4318 ⁸120.
490 4210 647 4292 tmdndus
670 4185 876 4308 donpierra?
895 4236 974 4308 1³th
1012 4242 1102 4296 nudus
1121 4189 1205 4295 Ft'oq
1263 4189 1352 4296 ‘ledii
1371 4215 1466 4318 qdid]

308 4307 357 4360 ubi
371 4306 621 4378 quiseAreartsy
657 4310 706 4363 ubi
720 4310 800 4380 quip
873 4318 905 4364 10
924 4311 1046 4383 deseret]
1062 4312 1167 4368 deserit
1180 4314 1260 4382 lpus
1298 4314 1413 4368 deseret
1423 4333 1469 4388 oy

309 4394 370 4445 opp.
384 4379 464 4432 schol.
477 4383 503 4431 Γ
573 4385 605 4434 15
624 4380 765 4449 protrudit
782 4382 830 4450 Eg
872 4382 1007 4452 protrusit
1024 4389 1082 4438 cett.
1160 4401 1206 4438 eu.
1227 4390 1320 4440 17.18
1339 4387 1467 4443 somme

382 4454 414 4502 18
428 4448 513 4502 balbe
540 4450 616 4505 belle
629 4452 676 4521 Ep
686 4468 747 4520 opp.
762 4449 840 4521 Ppt!
849 4449 959 4522 rope!
1015 4461 1080 4522 post
1088 4455 1113 4508 lt.
1123 4473 1151 4509 u.
1162 4457 1313 4523 complures
1321 4457 1470 4514 eccidisse

310 4520 468 4584 suspicatur
523 4521 656 4590 electius,
679 4539 774 4576 uerum
796 4539 927 4578 conexum
949 4541 1079 4580 uersuum
1101 4527 1268 4597 sequentium
1292 4544 1354 4583 oum
1377 4534 1467 4586 onte

311 4588 464 4646 cedentibus
482 4594 551 4645 reete
568 4592 762 4662 interpretatos
779 4600 818 4650 est
838 4591 947 4666 Porplt!
