3264 5238
648 387 715 431 LIB.
738 386 758 432 1.
782 383 888 431 34—36

357 535 397 594 Te
422 552 492 613 spes
516 542 545 593 et
568 532 634 592 albo
659 550 724 592 rara
748 533 821 592 iides
844 531 914 592 colit

356 624 453 684 Velata
477 639 590 703 panno,
614 640 669 681 nec
693 623 831 680 comitem
855 620 997 700 abnegat,

400 711 567 790 Vtcumque
592 718 701 770 mutata
724 712 855 789 potentis

276 813 311 861 24
431 797 535 860 ‘vesto
560 800 664 860 domos
686 801 804 860 inimica
829 798 946 877 linquis.

354 891 392 949 nt
420 889 525 967 uolgus
549 888 672 948 infidum
697 895 726 947 et
749 888 891 946 meretrix
915 895 995 947 retro

357 979 480 1039 Periura
504 977 597 1058 cedit,
621 977 780 1055 diliugiunt
804 975 884 1036 cadis

402 1067 475 1126 Cum
501 1067 581 1126 iaece
606 1067 722 1126 siccatis
747 1067 848 1144 amici,

277 1169 311 1216 28
446 1155 537 1216 Ferre
561 1157 664 1234 iugum
687 1155 799 1233 pariter
823 1153 925 1214 dolosi.

358 1246 468 1304 Serues
491 1246 605 1304 iturum
629 1242 785 1304 Caesarem
808 1244 839 1302 in
862 1242 983 1303 ultimos

358 1333 445 1394 Orbis
469 1333 626 1393 Britannos
650 1340 680 1392 et
703 1335 846 1392 iuuenum
870 1349 975 1391 recens

401 1421 532 1481 Examen
555 1421 625 1480 Eois
649 1421 814 1481 timendum

278 1523 312 1570 32
446 1509 585 1570 Partibus
609 1508 786 1590 Oceanoque
811 1508 911 1569 rubro.

358 1600 443 1659 Ebeu
466 1601 639 1659 cicatricum
663 1607 693 1659 et
716 1598 838 1658 sceleris
860 1597 953 1678 pudet

358 1689 566 1766 Fratrumque.
591 1687 661 1766 quid
686 1706 740 1747 nos
763 1687 838 1747 dura
861 1673 1025 1765 re'lugimus

403 1778 504 1857 Aetas,
527 1776 598 1856 quid
622 1779 766 1837 intactum
789 1776 896 1836 nelasti

278 1877 312 1925 36
447 1862 624 1944 Liquimus?
647 1865 726 1926 unde
750 1883 870 1925 manum
893 1867 1035 1924 iuuentus

358 1955 438 2015 Metu
461 1955 587 2015 deorum
610 1957 770 2035 continuit,
794 1952 903 2032 quibus

357 2043 496 2122 Pepercit
519 2041 601 2104 aris?
624 2061 641 2102 o
665 2046 777 2103 utinam
802 2061 879 2102 noua

401 2132 510 2192 lncude
535 2132 670 2211 dillingas
694 2140 850 2192 retunsum
874 2134 905 2192 in

277 2233 312 2281 40
446 2220 623 2300 Massagetas
647 2219 818 2300 Arabasque
842 2222 963 2280 serrum.

663 2371 876 2387 a———d—

710 2472 828 2565 xxiiii

358 2631 396 2692 Et
419 2640 486 2692 ture
510 2640 540 2693 et
563 2631 671 2693 fidibus
695 2634 778 2691 iuuat

403 2721 522 2781 Placare
546 2729 576 2781 et
599 2721 687 2781 uituli
709 2723 851 2799 sanguine
871 2716 971 2778 debito

358 2810 503 2870 Custodes
526 2810 669 2871 Numidae
694 2809 779 2890 deoS,

296 2908 312 2955 4
403 2899 461 2970 Qui
484 2918 563 2960 nunc
587 2899 730 2978 Hesperia
754 2917 857 2977 sospes
879 2897 915 2957 ab
939 2897 1041 2958 ultima

359 2987 440 3046 Caris
465 2988 555 3049 nurlta
580 2986 743 3068 sodalibus,

402 3076 481 3137 Nulli
504 3076 589 3155 plura
613 3086 711 3136 tamen
736 3076 842 3136 diuidit
865 3075 965 3135 oscula

359 3166 453 3237 Quam
477 3165 556 3226 dulci
579 3165 711 3246 Lamiae,
735 3183 849 3225 mernor

297 3265 312 3312 8
403 3255 492 3314 Actae
517 3273 576 3315 non
601 3255 656 3314 alio
681 3273 750 3334 rege
774 3256 913 3334 puertiae

358 3343 545 3424 Mutataeque
569 3343 657 3404 simul
681 3352 774 3422 togae.

403 3431 507 3492 Cressa
531 3450 569 3491 ne
593 3440 693 3492 careat
716 3431 839 3511 pulchra
863 3431 927 3491 dies
951 3437 1034 3511 nota,

357 3519 420 3580 Neu
443 3529 597 3600 promptae
622 3520 727 3580 modus
751 3521 918 3601 amphorae,

281 3620 312 3666 12
402 3609 466 3669 Neu
491 3627 604 3669 morem
628 3612 657 3668 in
683 3609 793 3670 Salium
819 3612 857 3670 sit
880 3612 1001 3690 requies
1024 3610 1148 3692 pedum,

195 3729 410 3739 .-—-.—.

311 3796 1230 3888 uaatraoooooauou<conclamatae

269 3927 302 3974 26
327 3921 478 3992 diffugiunb
501 3923 585 3977 cadis.
610 3922 685 3976 cedit
701 3923 729 3975 R
765 3922 926 3992 diffugiunt]
951 3922 1063 3992 fugiunt
1081 3919 1135 3977 Fa
1138 3942 1159 3975 π
1230 3928 1263 3976 33
1283 3921 1344 3974 Heu

196 3991 252 4044 heu
269 3993 319 4044 Ber
337 3994 386 4047 Ac.
431 3993 492 4046 Heu
509 3989 615 4061 A'yclt
635 3989 715 4062 ΡΜ]
752 3994 852 4048 Heheu
870 3991 915 4062 qi'
953 3994 1033 4047 Eheu
1052 3989 1167 4061 D'dqou'
1203 3991 1302 4063 sslsheu
1319 3991 1345 4044 L

268 4069 303 4116 34
321 4064 526 4133 durefliugimua
541 4066 581 4116 Ar
601 4065 657 4132 (alt.
673 4082 707 4118 m.
723 4082 738 4117 e
753 4066 784 4118 iu
797 4082 816 4118 o
829 4067 958 4134 mutauit)
996 4065 1095 4118 durare
1111 4063 1234 4133 fugimus
1253 4062 1309 4115 BR

195 4133 362 4202 refugimus,
390 4151 439 4188 oro.
464 4135 533 4189 dura
556 4131 591 4187 D‘
673 4142 707 4188 35
731 4135 879 4190 intacitum
898 4132 962 4189 A'R
1043 4142 1076 4189 36
1100 4133 1266 4203 Linquimus
1288 4128 1345 4186 B‘u
1442 4211 1446 4218 ι

196 4221 258 4272 opp.
289 4201 368 4274 Ppo!
396 4202 471 4260 Aer!
558 4212 592 4259 39
621 4206 751 4276 diffingas
776 4202 989 4276 A‘pODRod'L
1013 4202 1087 4259 Aer!
1139 4204 1269 4273 difficqas
1294 4224 1309 4257 c

195 4274 306 4344 diffigas
326 4293 346 4329 u
382 4275 513 4330 diffindas
532 4294 569 4330 uo
606 4277 742 4346 deffingaa
760 4273 782 4329 λ’
821 4277 944 4347 delinges
963 4277 1014 4344 Bp
1086 4275 1115 4330 in
1134 4277 1208 4330 omis.
1229 4273 1274 4346 ἅς]

194 4353 238 4400 39.
258 4351 293 4400 40
313 4347 343 4400 ln
362 4351 533 4416 massagetas
554 4347 601 4403 ΟΕ

268 4418 280 4469 l
303 4424 346 4472 36.
385 4426 399 4472 1
422 4418 504 4473 iuuat
526 4419 616 4486 (iuuat
632 4419 684 4487 A1)
708 4417 820 4487 placare
841 4419 845 4485 1
866 4419 903 4472 Et
925 4417 1007 4473 uituli
1029 4413 1155 4474 A'offu
1230 4425 1260 4472 11
1286 4419 1344 4474 Nec

192 4519 335 4578 oraru
363 4525 434 4593 epu,
522 4531 554 4577 12
579 4503 637 4580 uel
657 4525 685 4578 A
726 4525 786 4579 uec
804 4519 944 4578 oraru
