3226 5238
284 410 350 474 232
569 422 813 471 umsrvnnnvn
828 425 894 470 mc.
910 425 949 492 11,
966 423 995 484 2,
1011 420 1148 470 100-210

348 584 398 633 100
444 570 560 631 lucitus
582 571 672 629 facias
694 587 792 647 neque
816 569 900 649 plura
923 587 1027 650 parare
1051 567 1180 648 labores,

444 660 486 720 Ac
509 661 624 740 potius,
647 677 723 738 puer
747 666 780 718 ut
802 658 887 720 iestis
911 657 1139 736 quinquatribus
1163 657 1246 738 olim,

444 747 558 827 Exiguo
582 755 725 826 gratoque
749 748 858 807 fruaris
881 755 1014 826 tempore
1038 749 1154 826 raptim.
1242 743 1254 766 χ

443 837 605 916 Pauperies
628 835 769 896 inmunda
793 836 898 896 domus
920 835 1025 914 procul
1048 835 1138 896 absit:
1161 853 1215 913 ego
1238 840 1341 894 utrum

348 939 401 987 200
446 926 527 985 Naue
551 926 630 984 ierar
654 942 758 1002 magna
781 943 818 985 an
841 943 946 1004 parua,
970 925 1049 984 ierar
1072 941 1150 984 unus
1174 929 1204 983 et
1226 922 1313 983 idem.

445 1015 511 1074 Non
534 1015 649 1092 agimur
672 1012 793 1073 tumidis
817 1014 891 1073 uelis
914 1013 1059 1091 Aquilone
1083 1010 1231 1072 secundo:

444 1102 510 1163 Non
533 1110 631 1162 tamen
656 1103 789 1163 aduersis
813 1110 938 1163 aetatem
961 1102 1098 1162 ducimus
1120 1100 1253 1184 Austris,

445 1190 577 1272 ViribuS,
600 1193 733 1271 ingenio,
756 1193 869 1271 specie,
892 1193 1018 1271 uirtute,
1041 1189 1120 1270 ioco,
1144 1207 1176 1249 re

347 1292 400 1340 204
445 1280 579 1340 Extremi
601 1281 781 1360 primorum,
805 1282 945 1340 extremis
969 1298 1063 1358 usque
1087 1280 1211 1358 priores.

445 1369 511 1428 Non
536 1388 568 1428 es
591 1387 712 1430 auarus:
736 1367 795 1428 abi!
821 1365 913 1447 quid?
936 1378 1035 1429 cetera
1059 1370 1117 1427 iam
1140 1364 1228 1427 simui
1251 1368 1308 1426 isto

448 1457 522 1518 Cum
545 1459 619 1517 uitio
643 1454 769 1536 sugere?
793 1465 875 1517 caret
897 1457 951 1518 tibi
973 1465 1078 1538 pectus
1101 1458 1182 1516 inani

447 1543 635 1607 Ambitione?
658 1553 740 1606 caret
763 1549 867 1606 mortis
890 1545 1047 1606 formidine
1071 1553 1102 1606 et
1124 1540 1190 1603 ira?

350 1647 401 1694 208
448 1635 581 1714 Somnia,
604 1643 749 1715 terrores,
773 1637 914 1715 magicos,
938 1634 1092 1715 miracula,
1116 1651 1213 1713 sagas,

446 1723 615 1783 Nocturnus
639 1723 768 1783 lemures
791 1732 987 1802 portentaque
1011 1721 1150 1783 Thessala
1174 1717 1275 1780 rides?

446 1811 557 1872 Natalis
579 1819 661 1890 grate
685 1809 846 1872 numeras?
869 1814 997 1891 ignoscis
1022 1807 1146 1871 amicis?

447 1900 556 1960 Lenior
579 1909 609 1960 et
631 1901 737 1960 melior
759 1901 794 1960 iis
818 1901 977 1961 accedente
991 1895 1142 1960 senecta?

351 2001 401 2048 212
449 1989 525 2059 Quid
549 1997 578 2050 te
603 1997 739 2068 exempta
762 1991 845 2049 iuuat
868 1991 960 2069 spinis
984 1989 1020 2048 de
1043 1987 1179 2068 pluribus
1203 1984 1283 2048 una?

447 2076 555 2137 Viuere
580 2080 605 2138 si
628 2087 710 2138 recte
734 2081 845 2152 nescis,
869 2077 980 2138 decede
1003 2079 1115 2157 peritis.

447 2165 558 2226 Lusisti
581 2169 665 2248 satis,
689 2168 776 2228 edisti
800 2169 871 2226 satis
894 2175 981 2245 etque
1006 2165 1120 2226 bibisti:

448 2254 578 2334 Tempus
602 2255 682 2314 abire
707 2255 760 2315 tibi
784 2263 841 2330 est,
865 2274 902 2315 nc
926 2262 1030 2334 potum
1052 2255 1162 2333 largius
1186 2271 1280 2332 aequo

351 2356 402 2403 210
449 2343 554 2404 Rideat
578 2352 608 2404 et
630 2343 730 2422 pulset
752 2344 862 2404 lasciua
886 2343 1040 2404 decentius
1064 2351 1151 2403 aetas.

572 2512 1140 2604 commmodum)marmioun

362 2643 411 2696 199
431 2639 528 2692 domus
542 2639 640 2706 procul
654 2639 727 2692 absit
741 2639 907 2708 avKDiInr
945 2639 1042 2692 domus
1056 2638 1162 2708 procui,
1182 2639 1278 2692 omisso
1293 2635 1375 2703 absit,
1391 2636 1435 2688 Rr

324 2709 434 2777 procul,
458 2710 563 2762 omissis
586 2709 683 2762 domus
701 2714 725 2762 et
744 2709 830 2778 absit,
850 2706 943 2764 Fora
988 2709 1084 2778 procul
1110 2708 1207 2762 domus
1226 2708 1299 2761 absit
1318 2708 1434 2775 flomleq.

289 2779 465 2832 Nostradam.
533 2785 584 2832 203
599 2779 670 2845 1000,
683 2779 725 2849 re]
741 2781 832 2834 colore
846 2774 955 2834 Fr'e'n'
990 2781 1084 2834 Iocone
1098 2780 1125 2832 R
1194 2785 1245 2832 200
1255 2783 1319 2847 post
1332 2794 1435 2832 auarus

290 2851 365 2903 codd.
390 2851 497 2917 partim
522 2851 598 2903 colon
625 2852 668 2904 uel
695 2867 797 2904 comma
820 2855 927 2919 partim
949 2852 1173 2919 interroqotionis
1194 2852 1304 2919 siquem
1322 2853 1436 2916 ponunt

285 2921 393 2988 partim
406 2937 463 2974 nou
476 2921 632 2988 distinguunt
637 2941 647 2984 ;
656 2925 721 2988 post
735 2921 782 2974 abi
795 2924 893 2990 intmp.
908 2939 997 2978 omnes
1011 2923 1086 2977 codd.
1101 2922 1245 2990 dequibus
1259 2921 1435 2984 notauimum

288 2995 350 3059 post
372 2991 440 3058 quid
458 2992 565 3059 partim
588 2991 787 3060 interpuuyuni
804 2995 911 3060 purtim
933 3009 990 3047 uon
1032 2991 1089 3046 iem
1113 3009 1182 3046 omn.
1204 2987 1283 3059 Ppiu'
1329 3008 1435 3060 nnmy

290 3063 402 3130 florileg.
420 3063 596 3118 Nostradum.
669 3068 720 3115 206
739 3063 834 3132 fugere
853 3059 1037 3118 DRFt'd'n'v
1058 3057 1168 3131 Porpb.'
1184 3063 1263 3116 schol.
1279 3066 1304 3115 Γ
1318 3063 1433 3129 {dorileu

290 3133 467 3188 Nostradam.
505 3133 649 3202 fuge-rite
664 3133 746 3203 avK
782 3133 835 3188 tibi
855 3136 928 3188 omis.
944 3136 1006 3203 qiu
1020 3135 1121 3188 lacuna
1191 3133 1436 3200 02010110.ομ

362 3209 412 3257 211
429 3204 465 3257 sis
480 3201 559 3257 urb
573 3220 635 3272 opp.
649 3209 707 3258 cett.
780 3210 832 3258 210
847 3205 1000 3272 decentius]
1016 3205 1145 3258 licentius
1159 3221 1194 3291 oq
1208 3221 1270 3272 opp.
1281 3209 1338 3258 cett.
1351 3198 1433 3270 Ppu!

182 3333 184 3350 Ι
293 3269 403 3342 Porph!
419 3276 497 3328 schol.
511 3279 537 3327 Γ
601 3280 665 3342 post
678 3293 706 3330 u.
721 3281 773 3329 216
791 3277 824 3330 in
841 3277 916 3331 codd.
932 3271 1199 3344 avKDRFi'dno
1214 3279 1341 3329 secuntur
1354 3289 1434 3328 serm.

291 3345 303 3396 I
325 3352 337 3396 1
357 3361 410 3412 sqq.
416 3365 426 3409 ‚·
444 3363 462 3414 y
483 3340 594 3414 Porpb!
613 3347 716 3412 finiunt
