3226 5238
725 389 771 436 on
785 389 875 437 anun
891 366 1041 439 ronrrca'

472 535 533 596 Nec
556 538 669 598 uirtute
693 537 769 598 foret
793 537 918 598 clarisue
941 540 1092 618 potentius
1115 539 1204 598 armis

472 625 566 696 eram
589 625 688 704 lingua
712 623 842 708 Latium,
866 629 891 687 si
915 646 973 687 non
998 627 1159 688 offenderet
1182 645 1275 688 unum

472 716 626 794 Quemque
649 724 805 794 poetarum
827 716 913 776 limae
937 717 1020 776 labor
1043 723 1074 776 et
1096 735 1198 801 mora.¹
1232 735 1300 798 000,
1322 737 1339 776 0

374 815 425 864 000
471 805 632 883 Pompilius
657 807 789 884 sanguis,
813 823 932 866 carmen
956 805 1177 887 reprehendite,
1201 805 1279 884 qnod
1303 825 1362 866 non

472 893 562 953 lllulta
586 893 648 954 dies
672 903 701 952 et
724 893 816 954 multa
839 893 927 954 litura
951 897 1084 955 coercuit
1107 904 1195 973 atque

470 981 640 1042 Perfectum
664 981 784 1042 deciens
807 1001 866 1042 non
891 986 1045 1062 castigauit
1068 983 1103 1043 ad
1127 1002 1265 1062 unguem.

470 1070 624 1149 Ingenium
648 1072 755 1130 misera
779 1074 846 1150 quia
871 1073 1048 1132 fortunatius
1072 1079 1135 1132 arte

373 1171 424 1219 000
471 1159 572 1219 Credit
595 1166 624 1219 et
648 1159 777 1220 excludit
800 1179 887 1220 sanos
911 1159 1050 1221 Helieone
1073 1169 1175 1240 poetas

470 1247 671 1329 1100000νί000,
695 1248 771 1308 bona
794 1268 863 1328 pars
886 1269 944 1310 non
968 1252 1076 1328 unguis
1099 1267 1210 1328 ponere
1235 1259 1331 1329 curat,

469 1336 534 1396 Non
559 1336 694 1418 barbam,
718 1348 832 1398 secreta
855 1340 928 1417 petit
951 1338 1027 1419 loca,
1051 1338 1155 1399 balnea
1177 1341 1259 1398 uitat.

468 1425 663 1488 Nanciscetur
687 1429 765 1487 enirn
787 1429 916 1506 pretinm
940 1445 1106 1506 nomenque
1130 1435 1247 1506 poetae,

373 1528 425 1576 300
472 1515 503 1574 Si
526 1514 623 1575 tribus
648 1515 794 1595 Anticyris
817 1524 906 1596 eaput
929 1515 1089 1576 insanabile
1113 1534 1272 1595 numquam

468 1604 596 1664 Tonsori
618 1603 720 1663 Licinn
745 1607 934 1666 commiserit.
981 1623 997 1664 o
1022 1623 1076 1683 ego
1099 1604 1212 1684 laeuos,

468 1693 527 1764 Qui
549 1711 661 1771 purgor
684 1692 772 1752 bilem
797 1693 851 1752 sub
876 1696 962 1753 uerni
985 1695 1126 1772 temporis
1149 1691 1264 1753 boram!

468 1781 534 1841 Non
558 1780 632 1840 alius
656 1782 767 1841 faceret
789 1781 911 1842 meliora
934 1792 1082 1861 poemata:
1106 1801 1210 1842 uerum

371 1883 423 1930 304
469 1869 516 1929 Nil
541 1867 655 1930 tantist!
679 1889 750 1948 ergo
774 1871 880 1949 fungar
903 1873 970 1932 uice
994 1873 1082 1951 cotis,
1106 1879 1224 1932 acutum

468 1958 603 2018 Reddere
627 1977 701 2037 quae
727 1961 839 2019 ferrum
863 1959 941 2019 ualet
965 1978 1067 2019 exsors
1090 1962 1153 2039 ipsa
1176 1959 1307 2040 secandi3

468 2047 575 2108 lllunus
600 2055 630 2107 et
653 2048 797 2128 officium,
821 2048 861 2106 nil
885 2047 1019 2108 scribens
1042 2051 1120 2128 ipse,
1143 2047 1269 2126 docebo,

468 2133 549 2196 Vnde
573 2145 716 2214 parentur
740 2155 825 2216 opes,
849 2137 919 2214 quid
943 2137 1000 2197 alat
1023 2138 1189 2215 formetque
1213 2144 1342 2216 poetam,

370 2237 422 2286 308
468 2223 546 2295 Quid
570 2223 687 2305 deceat,
711 2224 781 2303 quid
806 2243 878 2306 non,
903 2244 961 2302 quo
984 2227 1095 2306 uirtuS,
1119 2244 1177 2304 000
1202 2227 1277 2284 ferat
1300 2243 1393 2284 error.
1471 2295 1474 2302 .

469 2312 625 2372 Scribendi
648 2321 730 2373 recte
754 2331 857 2392 sapere
882 2324 928 2373 est
951 2324 980 2374 et
1002 2316 1181 2393 principium
1205 2322 1235 2372 et
1258 2313 1338 2394 fons,

467 2401 541 2460 Rem
565 2400 618 2461 tibi
643 2401 809 2462 Socraticae
833 2410 974 2480 poterunt
997 2402 1155 2462 ostendere
1179 2400 1313 2481 chartae,

467 2489 621 2569 Verbaque
645 2492 794 2570 prouisam
819 2507 883 2550 rem
905 2509 965 2550 non
988 2493 1081 2552 inuita
1105 2498 1276 2568 sequentur.

369 2591 421 2638 312
467 2578 526 2649 Qui
549 2579 664 2658 didicit,
687 2581 799 2658 patriae
823 2579 893 2656 quid
917 2578 1022 2640 debeat
1046 2588 1075 2639 et
1099 2579 1169 2658 quid
1193 2580 1306 2652 amicis,

468 2667 533 2736 Quo
558 2669 596 2726 sit
620 2685 719 2727 amore
742 2685 864 2749 parem,
888 2686 947 2746 000
971 2669 1064 2727 frater
1086 2668 1227 2727 amandus
1251 2676 1282 2726 et
1303 2667 1431 2747 hospes,

468 2754 553 2824 Quod
577 2757 616 2815 sit
639 2758 813 2835 conscripti,
838 2758 915 2835 quod
939 2756 1045 2816 iudicis
1069 2745 1212 2836 oflieiodr,
1236 2773 1309 2833 quae

466 2843 570 2903 Partes
593 2845 623 2902 in
647 2843 757 2903 bellum
781 2847 864 2904 missi
887 2845 983 2906 ducis:
1007 2845 1055 2905 ille
1079 2846 1213 2923 profecto

369 2945 421 2992 310
467 2931 602 2991 Reddere
626 2949 770 3010 personae
794 2935 849 2992 scit
873 2936 1082 2994 conuenientia
1100 2935 1221 3010 cuique.

466 3020 626 3098 Respicere
651 3020 800 3099 exemplar
822 3024 901 3082 uitae
924 3041 1099 3101 morumque
1123 3020 1231 3082 iubebo

466 3108 593 3168 linctum
616 3111 794 3169 imitatorem
818 3119 848 3170 et
872 3113 957 3170 uiuas
979 3110 1048 3170 binc
1072 3109 1182 3170 docere
1205 3127 1304 3168 uoces.

466 3197 620 3258 Interdum
644 3200 776 3279 speciosa
801 3198 873 3259 locis
897 3207 1067 3278 morataque
1091 3207 1173 3258 recte

369 3301 420 3348 300
466 3285 575 3346 Fabula
599 3287 709 3347 nullius
732 3290 865 3368 ueneriS,
890 3290 953 3348 sine
976 3287 1108 3367 pondere
1132 3296 1162 3346 et
1185 3295 1260 3366 arte,

465 3373 584 3434 Valdius
608 3375 735 3436 oblectat
758 3376 900 3454 populum
923 3376 1088 3453 meliusque
1113 3383 1257 3454 moratur,

466 3463 560 3532 Quam
584 3483 691 3524 uersus
715 3466 818 3543 inopes
843 3483 942 3526 rerum
967 3482 1121 3543 nugaeque
1145 3481 1278 3524 canorae.

466 3551 550 3610 Grais
573 3554 738 3632 ingenium,
762 3553 847 3613 Grais
870 3553 951 3614 dedit
974 3572 1026 3612 ore
1050 3553 1178 3614 rotundo

369 3653 421 3700 324
467 3639 549 3699 Musa
573 3639 667 3721 loqui,
690 3649 809 3719 praeter
832 3641 948 3702 laudem
973 3641 1082 3701 nullius
1105 3643 1211 3701 auaris.

384 3773 391 3784 ,
465 3727 590 3788 Romani
613 3731 699 3807 pueri
721 3729 816 3807 longis
839 3731 1004 3790 rationibus
1027 3749 1123 3791 assem

485 3993 486 3996 a
519 3915 952 4006 ayuntnotnrqqplutr
953 3917 1226 4006 (1010101000

377 4047 428 4100 289
444 4041 525 4096 claris
544 4035 602 4100 ‚B'
641 4041 759 4095 elarisue
774 4047 831 4096 cett.
904 4048 957 4096 294
973 4042 1131 4100 Presectum
1145 4037 1179 4094 B'
1217 4041 1375 4096 Perfectum
1389 4047 1451 4097 cett.

306 4115 371 4166 Aer.
390 4115 501 4182 florileg.
546 4113 692 4165 ostrudum.
764 4129 792 4166 0.
806 4117 858 4166 298
877 4115 952 4168 omis.
967 4129 999 4166 u1
1035 4113 1118 4182 petit]
1137 4112 1212 4181 fugit
1230 4113 1378 4181 Pompeius

307 4190 356 4236 301
372 4184 469 4249 laeuis,
478 4181 557 4249 leuis,
568 4182 671 4251 laeuus,
681 4183 760 4237 lenus
771 4186 847 4238 codd.
915 4188 966 4237 305
977 4201 1069 4238 exsors
1078 4183 1141 4252 ipsa
1150 4179 1209 4237 vlu'
1220 4189 1329 4238 tractat.
1345 4183 1452 4238 Vindo-

306 4255 366 4308 000.
385 4256 497 4322 florileg.
516 4253 646 4307 Nostrod.
684 4256 772 4307 etsors
792 4255 814 4307 l1
851 4271 930 4308 exors
948 4255 1010 4323 ipro
1028 4255 1101 4308 Fet
1118 4255 1183 4308 Aer.
1221 4255 1334 4326 00110000
1352 4253 1417 4322 ipsa
1434 4271 1453 4307 z

341 4325 474 4380 exsortita
496 4323 593 4392 opRm
639 4325 759 4378 exorbito
780 4321 815 4376 B'
858 4341 937 4379 exors
959 4327 1021 4394 ipso
1044 4325 1155 4380 secundi
1172 4344 1193 4378 π
1271 4330 1323 4378 308
1346 4325 1454 4378 doceat

306 4395 469 4464 oqunfpr.
550 4401 600 4447 311
626 4394 823 4462 0000001000
865 4398 1019 4464 sequuntur
1040 4397 1068 4450 B
1114 4397 1264 4464 sequentur
1286 4400 1344 4449 cett.
1366 4392 1450 4462 Pplu'

308 4461 537 4532 Porpbltractat.
554 4465 669 4518 Vindob.
683 4465 875 4534 Quintilianus
946 4473 997 4521 319
1012 4467 1080 4522 locis
1094 4463 1226 4535 opo'Lo
1243 4462 1321 4534 Ppu!
1334 4461 1452 4534 Porpb.'

305 4535 372 4588 Aer.
391 4537 469 4603 01000.
483 4539 508 4588 Γ
541 4536 612 4588 locis
630 4536 657 4587 R
693 4536 761 4591 iocis
781 4533 903 4592 Ft'd'no
921 4543 1029 4594 tractat.
1050 4539 1202 4593 Vindobon.
