3264 5238
735 365 917 412 CARMINVM

355 531 359 540 ·
414 514 581 573 Caementis
604 512 675 572 licet
698 529 827 590 occupes

350 613 366 661 4
458 601 645 681 Tyrrhenum
670 618 756 660 omne
780 601 840 660 tuis
864 607 894 660 et
917 619 997 660 mare
1021 599 1193 680 Apulicum:

414 693 446 750 Si
470 691 532 769 figit
556 689 758 750 adamantinos

460 780 590 839 Summis
614 777 779 840 uerticibus
803 777 867 838 dira
891 780 1054 838 necessitas

414 868 534 947 Clauos,
558 885 617 926 non
641 869 772 926 animum
795 874 890 946 metu,

353 967 369 1016 8
459 956 524 1016 Non
548 958 652 1016 mortis
676 955 789 1034 laqueis
813 954 952 1033 expedies
976 963 1073 1033 caput.

414 1045 602 1123 Campestres
626 1043 731 1104 melius
756 1043 895 1123 Scythae,

441 1133 593 1214 ¹Quorum
617 1133 747 1212 plaustra
771 1150 861 1211 uagas
884 1134 940 1192 rite
963 1131 1086 1193 trahunt
1108 1132 1229 1214 domos,

417 1221 506 1282 Viunt
530 1229 560 1282 et
584 1222 671 1300 rigidi
694 1221 798 1300 Getae,

337 1323 369 1370 12
461 1311 605 1370 inmetata
629 1309 737 1389 quibus
761 1311 863 1389 iugera
886 1309 994 1370 liberas

415 1400 528 1477 Fruges
553 1408 583 1460 et
607 1416 741 1458 cererem
765 1398 880 1478 lerunt,

460 1487 521 1547 Nec
546 1487 662 1548 cultura
686 1487 782 1566 placet
805 1487 919 1565 longior
942 1505 1054 1568 annua,

417 1577 657 1654 Defunctumque
680 1574 832 1644 laboribus

326 1680 370 1727 ,16
461 1664 582 1743 Aequali
606 1672 723 1724 recreat
746 1670 827 1723 sorte
850 1665 990 1724 uicarius.

416 1751 479 1813 lllic
502 1761 596 1814 matre
621 1752 792 1813 carentibus

461 1842 613 1921 Priuignis
636 1842 743 1902 mulier
767 1848 913 1920 temperat
935 1844 1092 1923 innocens,

417 1930 479 1990 Neo
502 1931 601 1991 dotata
625 1933 702 2010 regit
724 1933 824 1990 uirum

337 2033 371 2080 2ο
463 2020 599 2080 Coniunx
624 2038 679 2079 nec
703 2020 796 2079 nitido
820 2018 884 2078 fidit
907 2018 1048 2079 adultero.

416 2108 476 2168 llos
499 2116 545 2168 est
567 2126 671 2187 magna
695 2110 864 2187 parentium

463 2195 564 2258 Virtus
588 2204 618 2257 et
642 2205 777 2256 metuens
801 2196 923 2256 alterius
947 2198 1005 2256 uiri

418 2285 507 2346 Certo
532 2286 651 2346 loedere
676 2288 809 2365 castitas,

338 2385 373 2433 24
462 2373 500 2434 Et
522 2393 648 2478 peccare
672 2374 754 2434 nelas
778 2383 826 2434 aul
851 2376 981 2452 pretium
1005 2381 1050 2434 est
1072 2377 1157 2434 mori.

417 2463 441 2523 Ο
466 2465 602 2542 quisquis
627 2463 739 2524 uolet'
731 2465 836 2541 impias

463 2551 574 2612 Caedes
599 2561 628 2612 et
652 2551 764 2612 rabiem
788 2550 891 2611 tollere
916 2552 1054 2630 ciuicam,

419 2641 450 2700 Si
474 2649 599 2720 quaeret
623 2637 718 2719 pater
742 2635 873 2699 urbium'

339 2740 372 2788 28
464 2727 619 2789 Subscribi
643 2731 762 2809 statuis,
785 2728 958 2787 indomitam
980 2727 1086 2787 audeat

417 2817 581 2877 Refrenare
605 2816 766 2896 licentiam,

463 2905 566 2965 Clarus
589 2907 780 2984 postgenitis:
804 2912 964 2985 quatenus,
987 2905 1045 2965 heu
1070 2905 1165 2966 neiasl

418 2993 566 3054 Virtutem
590 2993 768 3053 incolumem
792 2994 922 3072 odimus,

339 3095 373 3143 32
466 3081 617 3163 Sublatam
642 3101 677 3143 ex
702 3081 795 3142 oeulis
819 3084 989 3159 quaerimus
1012 3082 1114 3142 iuuidi.

420 3171 496 3242 Quid
522 3173 623 3232 tristes
648 3172 865 3250 querimoniae,

465 3260 580 3320 Sinon
604 3259 748 3362 supplicio
773 3258 859 3337 culpa
883 3255 1048 3318 reciditur?

420 3348 496 3418 Quid
520 3349 601 3426 leges
626 3351 689 3407 sine
713 3346 846 3408 moribus

341 3449 374 3497 36
466 3435 561 3496 Vanae
585 3437 759 3516 proliciunt,
783 3437 807 3495 si
831 3453 927 3513 neque
952 3435 1084 3495 ieruidls

419 3524 492 3584 Pars
516 3525 630 3585 inclusa
655 3524 802 3584 caloribus

466 3613 566 3674 Mundi
591 3631 645 3673 nec
669 3613 780 3673 boreae
804 3613 961 3672 finitimum
985 3610 1061 3672 latus

429 3922 849 4014 Atuatucorum
852 3922 963 4011 ιιιι)
964 3922 1026 4012 ιιι
1028 3923 1162 4012 mon
1161 3923 1238 4013 ιιι

332 4065 438 4118 11124.
480 4066 664 4119 tterrenum
681 4065 877 4148 Lacbaaoqous
921 4081 1016 4118 marea
1034 4063 1158 4133 pulicum
1177 4065 1225 4118 Fa
1258 4065 1413 4152 apulicum

263 4131 367 4190 Odeu
409 4135 551 4204 publicum
570 4131 662 4203 pellar
683 4135 732 4188 Ae.
751 4127 825 4187 Acr.'
862 4135 1031 4219 punicump
1067 4135 1212 4220 ponticum
1230 4131 1411 4193 offocatur.

333 4207 436 4274 5figet
449 4208 500 4260 Ac.
535 4207 595 4274 fiqit
610 4209 636 4259 A
672 4205 735 4274 figit
748 4210 804 4258 cett.
822 4200 901 4273 Pplt.l
969 4205 1106 4260 'lenimus
1121 4201 1177 4259 Ru‘
1210 4207 1336 4262 animum
1350 4214 1412 4265 cett.

334 4283 367 4330 10
391 4277 488 4330 domus
510 4277 560 4332 Ac.
638 4282 670 4330 21
693 4278 839 4345 parentum
862 4272 973 4330 A'ctau
1018 4280 1145 4347 parent
1141 4293 1228 4331 umo
1306 4284 1341 4332 24
1367 4281 1413 4334 est

263 4363 347 4403 omo
420 4354 454 4400 25
480 4347 557 4401 ‘Nou
579 4352 647 4402 recte
666 4365 684 4400 a
701 4349 839 4443 superiore
857 4341 915 4419 2ρἃ
935 4349 1000 4401 boec
1017 4355 1146 4432 separato
1163 4355 1242 4414 suat,
1265 4366 1327 4403 cum
1345 4351 1413 4408 inde

259 4419 398 4499 pendeant
412 4423 436 4471 et
449 4418 506 4470 illis
521 4419 630 4472 moereo
643 4419 709 4471 aiut’
724 4412 833 4502 Pprph!
884 4423 918 4472 26
933 4417 973 4487 et]
989 4421 1039 4472 aut
1048 4413 1132 4470 Fa'
1104 4437 1149 4473 no
1200 4425 1233 4472 27
1250 4419 1361 4489 quaerit
1372 4437 1413 4489 ‹pz

299 4487 391 4557 querit
408 4482 498 4556 qdua'
519 4503 579 4556 opp
600 4493 657 4543 cett.
678 4483 757 4558 1³th
830 4504 877 4542 aar
899 4494 964 4542 30—
970 4493 1004 4543 64
1022 4490 1113 4544 omisi
1130 4490 1158 4544 Β
1266 4554 1274 4561 Ι
