3264 5238
649 407 715 452 LIB.
739 408 760 452 Ι.
785 404 872 452 7--10

346 552 489 612 Permitte
514 551 592 614 diuis
616 562 728 633 cetera,
752 555 803 634 qui
827 552 913 612 simul

330 641 488 701 vStrauere
513 651 620 703 uentos
644 660 773 720 aequore
797 641 913 702 ieruido

391 730 622 809 lleproeliantis‚
646 749 702 791 nec
726 732 861 810 cupressi

263 832 298 878 12
436 818 497 879 Nec
521 829 642 881 ueteres
665 823 814 900 agitantur
838 821 912 879 orni.

346 907 422 977 Quid
447 909 486 969 sit
509 909 643 970 futurum
667 929 745 990 eras,
769 910 838 987 iuge
862 927 1019 989 quaerere,
1043 916 1073 968 et

346 996 441 1066 Quem
465 997 526 1058 sors
551 999 667 1060 dierum
691 1016 818 1077 eumque
842 997 936 1078 dabit,
960 997 1043 1057 lucro

389 1084 525 1164 Appone,
548 1106 604 1148 nec
628 1088 723 1149 dulcis
747 1105 863 1148 amores

265 1188 299 1234 ts
436 1177 549 1254 Sperne
574 1197 649 1256 puer
673 1195 770 1256 neque
794 1185 827 1238 tu
850 1176 988 1254 choreas,

346 1261 445 1325 llonec
469 1267 580 1326 uirenti
604 1269 727 1330 canities
751 1264 835 1326 abest

345 1350 469 1416 Morosa.
499 1374 578 1416 rrunc
602 1365 632 1417 et
656 1373 777 1434 campus
801 1363 831 1415 et
854 1373 939 1415 areae

389 1443 548 1522 Lenesque
569 1443 624 1504 sub
647 1452 765 1504 noctem
788 1447 905 1505 susurri

264 1544 299 1591 2ο
435 1531 604 1612 Composita
628 1542 802 1613 repetantur
825 1533 913 1613 hora,

346 1622 430 1682 Nunc
454 1632 484 1681 et
507 1622 625 1683 latentis
648 1622 784 1702 proditor
807 1625 922 1683 intumo

345 1710 453 1770 Gratus
476 1711 591 1790 puellae
615 1714 694 1772 risus
718 1710 754 1771 ab
778 1711 885 1790 angulo

340 1808 343 1824 ‘
389 1799 561 1878 Pignusque
585 1800 742 1880 dereptum
765 1800 883 1863 lacertis

263 1897 300 1946 24
434 1889 493 1949 Aut
515 1889 606 1968 digito
631 1889 706 1950 male
729 1891 883 1969 pertinaci.

744 2122 769 2182 x

312 2223 315 2228 ’
350 2229 492 2308 Mercuri,
516 2228 641 2289 iacunde
666 2248 758 2308 nepos
782 2228 919 2309 Atlantis,

345 2318 402 2388 Qui
426 2317 506 2376 leros
530 2318 629 2378 cultus
653 2318 806 2379 hominum
829 2325 984 2378 recentum

345 2406 423 2466 Voce
447 2406 581 2466 formasti
605 2416 694 2490 catus
713 2415 742 2467 et
765 2407 891 2468 decorae
1026 2395 1034 2408 ⁸

285 2506 301 2551 4
390 2495 471 2555 More
495 2495 672 2578 palaestrae,
849 2571 853 2576 Ι

344 2585 387 2645 Te
410 2602 527 2665 canam,
554 2588 651 2663 magni
674 2585 754 2646 louis
778 2593 808 2645 et
831 2586 955 2646 deorum

344 2674 488 2734 Nuntium
512 2692 682 2752 curuaeque
705 2674 784 2753 lyrae
808 2683 977 2755 parentem,

344 2762 488 2823 Callidum
512 2763 653 2842 quicquid
677 2763 788 2842 placuit
810 2767 910 2824 iocoso

283 2862 298 2910 8
389 2851 523 2912 Condere
548 2852 636 2913 furto.

344 2941 400 3020 Te,
423 2940 517 3000 boues
540 2941 610 3001 olim
634 2944 692 3001 nisi
715 2942 896 3003 reddidisses

343 3029 401 3090 Per
424 3029 524 3091 dolum
548 3039 674 3112 amotas,
698 3049 825 3110 puerum
849 3033 956 3091 minaci

343 3118 420 3179 Voce
445 3119 515 3179 durn
538 3127 646 3199 terret,
670 3119 778 3180 uiduus
801 3121 939 3199 pharetra

267 3219 299 3266 12
390 3209 467 3268 Risit
489 3208 638 3287 Apollo.-

344 3298 422 3369 Quin
446 3305 476 3357 et
495 3297 612 3357 Atridas
635 3297 711 3358 dirce
735 3307 763 3358 te
788 3298 934 3378 superbos

344 3386 397 3446 llio
421 3385 506 3445 diues
529 3386 665 3447 Priamus
688 3387 792 3447 relicto

342 3474 558 3552 Thessalosque
582 3477 659 3553 ignis
683 3485 712 3535 et
735 3477 835 3553 iniqua
858 3475 963 3535 Troiae

264 3576 296 3624 16
387 3563 489 3624 Castra
512 3563 624 3624 lesellit.

342 3652 389 3713 Tu
411 3655 474 3731 pias
497 3652 581 3712 laetis
605 3655 716 3713 animas
740 3657 860 3733 reponis

343 3741 469 3803 Sedibus
493 3742 758 3822 uirgaque'leuem
781 3762 902 3804 coerces

342 3832 438 3891 Aurea
462 3829 593 3912 turbam,
616 3835 733 3911 superis
757 3833 881 3894 deornm

262 3931 296 3979 20
387 3919 495 3979 Gratus
520 3931 549 3980 et
572 3922 647 3980 imis.

337 4090 1180 4184 AtAapo'(Rementppplapmcalaminica)

230 4265 236 4282 Ι
252 4204 286 4252 23
297 4198 443 4285 dereptum
453 4194 626 4253 A'ODRFL
636 4200 806 4270 (dereptum
813 4218 866 4270 pro
876 4201 1023 4269 direptnm'
1034 4201 1112 4269 ploos.
1119 4197 1159 4266 F)
1187 4197 1327 4266 direptum

178 4265 324 4396 yvl‘llwlll.
362 4359 390 4396 u.
415 4347 449 4395 14
471 4344 562 4397 omisit
579 4341 606 4394 B
684 4348 716 4396 17
745 4343 852 4397 animas
878 4341 961 4397 laetis
985 4342 1060 4406 (letis
1085 4345 1113 4412 d)
1137 4335 1253 4410 yFra‘a'

181 4415 286 4466 18-20
297 4412 415 4468 Sedibus
425 4413 561 4483 uirgaque
568 4412 661 4467 leuem
671 4431 779 4468 coerces
787 4430 872 4467 altrea
881 4415 968 4481 (omis.
977 4413 1030 4484 δί)
1041 4415 1152 4469 turbam
1164 4413 1249 4483 (mnis.
1258 4409 1324 4481 am}

179 4482 294 4552 Superis
316 4483 431 4539 deorum
453 4487 550 4554 matus
573 4487 602 4538 et
623 4484 686 4539 imis
710 4481 763 4538 Fr
843 4490 875 4538 19
893 4501 931 4556 eq.
956 4484 1068 4556 Superis
1093 4486 1207 4540 deorum
1230 4484 1326 4550 gratus

179 4556 210 4608 et
227 4553 292 4609 imis
312 4559 316 4624 Ι
336 4557 430 4610 Aurea
447 4556 560 4611 turbam
579 4575 599 4608 π
606 4573 651 4624 pr.
