3264 5238
302 523 330 582 π’
350 553 384 575 =
403 529 475 584 liber
493 529 666 599 archetypus
686 528 814 584 codicum
832 547 854 583 rr
872 531 901 583 et
918 529 952 583 L.

461 638 482 671 π
501 645 534 664 --
557 618 645 673 codex
663 617 805 673 Parisinus
825 625 911 673 10310
932 619 1037 674 sacculi
1055 620 1163 676 x-xl.

461 706 488 760 L
506 732 540 752 =
560 706 648 761 codex
666 705 817 774 Lipsiensis
837 724 893 777 rep.
914 707 935 762 Ι.
955 713 980 762 4.
1000 715 1034 764 38
1055 706 1159 763 saeculi
1178 707 1211 762 X.

301 789 329 848 ω’
349 820 382 842 =
402 795 474 850 liber
492 796 659 865 archetypus
677 795 806 850 codicum
824 813 845 850 u
863 798 893 851 et
910 813 935 852 o.

462 901 482 938 a
491 909 525 929 =
537 884 623 938 codex
636 882 778 938 Parisinus
793 891 862 940 7973
878 885 946 941 olim
960 883 1147 940 Floriacensis
1164 883 1269 940 saeculi
1284 883 1308 938 X
1322 884 1450 940 ineuntis.

461 989 478 1026 o
496 997 531 1018 =
551 972 638 1028 codex
656 972 798 1028 Parisinus
816 979 886 1028 8213
906 973 1010 1029 saeculi
1027 975 1080 1052 XII
1099 974 1232 1030 exeuntis.

302 1078 321 1132 y
340 1086 373 1106 -=
393 1060 522 1116 codicum
542 1060 660 1117 aliorum
680 1063 730 1117 aut
749 1061 852 1132 singuli
870 1064 920 1118 aut
937 1062 1073 1119 nonnulli.

307 1144 419 1220 Porph!
440 1176 473 1196 =
492 1149 564 1204 liber
583 1150 751 1221 archetypus
769 1150 1034 1220 interpretationum
1056 1150 1158 1220 Porpt.
1178 1153 1208 1205 et
1227 1150 1305 1219 Porf.

465 1239 568 1307 Porph.
580 1265 614 1284 =
625 1238 869 1308 interpretationes
884 1239 987 1294 codicis
1003 1239 1248 1295 Laureshamensis
1266 1258 1339 1296 nunc
1354 1241 1448 1295 Mona-

516 1328 605 1383 censis
625 1329 687 1382 Lat.
708 1333 758 1382 181
779 1344 850 1384 saec.
871 1328 1007 1399 (VIIII—)
1016 1329 1049 1384 X.

464 1417 544 1484 Pors.
572 1442 606 1462 =
636 1415 882 1488 interpretationes
916 1417 1020 1474 codicis
1048 1417 1302 1474 Wolfenbuttolaui
1330 1417 1449 1473 Gudiani

516 1506 576 1561 Lat.
597 1511 630 1562 85
650 1507 756 1562 saeculi
775 1506 863 1562 XIIII.

305 1590 385 1665 Ppe!
406 1622 438 1641 =
457 1596 593 1677 lemmata
612 1595 682 1665 Pph.
702 1599 731 1650 et
751 1595 797 1663 Ps.
817 1596 891 1651 inter
909 1614 938 1651 se
958 1597 1148 1666 congruentia.

467 1684 538 1754 Ppa.
558 1689 583 1739 et
603 1684 650 1752 Ps.
669 1709 703 1730 =
722 1684 986 1754 interpretationum
1006 1685 1108 1756 Porpt.
1128 1687 1157 1741 et
1176 1685 1254 1754 Pers.
1274 1686 1413 1741 lemmata.

305 1774 371 1828 Aer.
393 1799 426 1818 =
445 1771 691 1842 interpretationes
709 1773 936 1830 Pseudoecronis.

305 1863 356 1917 Ac.
376 1888 409 1908 =
429 1864 565 1917 lemmata
581 1861 812 1931 Pseudoacronis‚
832 1863 892 1917 cod.
912 1865 948 1918 A.

304 1948 380 2006 Aor.'
401 1977 434 1997 =
453 1949 700 2020 interpretationes
719 1950 805 2005 schol.
825 1953 852 2004 A
872 1967 945 2006 conr.
965 1950 1027 2005 aliis
1047 1951 1189 2007 codicibus
1206 1953 1238 2008 ut
1255 1972 1296 2022 νγ.

303 2034 362 2094 Ac!
383 2065 416 2086 ε
436 2040 570 2094 lemmata
589 2039 675 2094 schol.
695 2039 722 2094 A
742 2055 816 2094 cons.
837 2038 899 2094 aliis
919 2039 1062 2095 codicibus
1080 2043 1113 2094 ut
1131 2059 1172 2109 νγ.

303 2130 384 2186 schol.
403 2133 428 2182 Γ
449 2155 483 2175 =
506 2145 540 2183 ea
567 2127 674 2183 scholia
701 2127 868 2198 marginalia
895 2145 967 2198 quae
995 2145 1053 2184 non
1075 2129 1111 2184 ad
1133 2130 1183 2184 Ac.
1207 2131 1272 2184 Aer.
1300 2130 1450 2199 portinent,

412 2233 510 2272 uerum
528 2220 623 2272 tamen
646 2233 702 2272 non
726 2217 817 2272 solum
840 2216 870 2271 in
893 2201 954 2274 cod.
973 2237 1003 2286 y,
1030 2217 1080 2272 sed
1103 2218 1133 2272 in
1156 2216 1218 2272 aliis
1238 2235 1348 2287 quoque
1369 2217 1450 2272 libris

412 2323 497 2361 manu
520 2307 643 2377 scriptis,
669 2307 701 2360 ut
723 2305 752 2360 in
770 2324 786 2360 r
804 2306 948 2376 Bumterp.
968 2306 1084 2362 Beroia.
1104 2307 1268 2373 Franco„
1291 2305 1449 2376 passimque

413 2395 498 2452 etiam
517 2395 546 2450 in
566 2397 626 2452 cod.
645 2416 661 2450 v
681 2395 864 2465 reperiuntur.

304 2485 382 2553 yloss.
396 2487 422 2537 Γ
432 2510 466 2528 =
482 2500 516 2538 ea
530 2483 638 2539 scholia
650 2483 843 2539 interlinearis
857 2501 928 2554 quae
943 2501 1000 2540 non
1014 2485 1123 2540 tantum
1138 2483 1166 2538 in
1181 2483 1241 2540 cod.
1257 2502 1282 2552 y,
1301 2483 1350 2538 sed
1365 2481 1449 2537 etiam

413 2571 442 2626 in
461 2571 539 2640 aliis,
559 2575 591 2626 ut
608 2572 638 2627 in
657 2573 688 2626 E
704 2591 722 2628 u
740 2573 885 2644 Bombery.
905 2574 1021 2629 Bossia.
1042 2575 1144 2628 extant.

305 2667 415 2718 tradat.
440 2662 555 2717 Vindob.
581 2687 615 2708 =
639 2663 779 2718 tractatus
802 2661 1025 2717 vindobonensis
1054 2661 1089 2716 de
1115 2663 1175 2716 arte
1198 2659 1310 2730 poetica
1332 2677 1371 2713 nr.
1398 2666 1448 2714 223

415 2750 519 2806 saeculi
538 2747 585 2806 XI.
