3226 5238
340 359 405 427 252
700 359 816 417 INDEX
836 357 1129 416 eonesnnloavn

335 540 405 594 p=
427 521 513 579 codex
533 521 677 578 Gothanus
696 522 795 592 [praef.
817 523 842 576 11
862 541 889 592 p.
908 521 967 592 IX].

335 597 414 666 ploce.
428 600 453 648 Γ
465 619 499 640 ==
514 611 548 649 ea
562 595 669 648 scholia
682 593 875 650 interlinearis
889 611 959 663 quae
974 611 1030 650 non
1044 596 1153 649 tantum
1169 593 1198 648 in
1213 591 1273 649 cod.
1288 613 1314 664 γ,
1333 592 1380 650 sed
1396 591 1490 650 etiam

242 729 244 732 ¹
407 668 436 720 in
456 665 533 733 aliis,
552 668 584 720 ut
601 665 631 718 in
649 665 706 719 Ida
717 685 735 718 α
754 665 900 735 Bamberg.
920 668 1025 720 extant.

338 738 348 790 l
367 763 400 783 =
421 737 509 790 codex
527 735 670 790 heidensis
689 736 790 804 [praef.
809 736 835 789 ΙΙ
875 779 881 790 .
900 736 945 803 V].

336 809 362 861 L
382 833 415 853 ==
437 806 524 861 codex
543 806 694 875 Lipsiensis
715 807 814 876 [praef.
835 755 907 875 llpp.
927 807 987 861 VII.
1007 807 1093 878 VIII].

335 895 369 1002 't‘
380 894 670 1016 asscensu·

338 1034 388 1073 om.
409 1045 442 1064 -ε
464 1018 572 1086 omisit,
592 1017 753 1074 omiserunt.

336 1105 398 1158 opp.
419 1115 452 1136 =
473 1089 618 1160 opposite,
638 1089 788 1159 oppositis,
806 1089 837 1143 id
856 1092 899 1145 est
918 1089 1153 1145 dissentientibus.

333 1178 363 1230 p.
384 1186 417 1206 π
436 1165 515 1230 post,
532 1177 582 1230 per
601 1166 638 1230 (p.
653 1177 734 1228 corr,
754 1179 780 1230 p.
796 1163 871 1226 rasi,
890 1161 1001 1230 pagina.

338 1232 385 1298 Pf.
405 1257 439 1276 =
457 1232 593 1285 lemmata
610 1231 809 1300 Porphyrionis
827 1229 1080 1286 Wolfenbuttelani
1100 1231 1198 1301 [praef.
1219 1232 1244 1284 ΙΙ
1262 1249 1289 1300 p.
1310 1231 1395 1302 XIV].

339 1302 416 1368 Porf.
428 1327 461 1347 =
471 1301 716 1370 interpretationes
730 1301 928 1370 Porphyrionis
943 1301 1195 1356 Wolfenbuttelani
1211 1302 1309 1372 [praef.
1322 1303 1346 1355 ΙΙ
1356 1321 1383 1372 p.
1395 1302 1484 1372 XIV].

338 1369 589 1512 Porph'fvlpber
608 1373 775 1443 archetypus
794 1373 1057 1442 interpretationum
1075 1373 1177 1441 Porph.
1196 1377 1226 1426 et
1243 1372 1316 1426 Pori'.
1339 1372 1438 1442 [praef.
1459 1374 1487 1426 11

340 1462 441 1583 Porplt.
461 1539 495 1560 =
514 1513 760 1584 interpretationes
777 1513 977 1584 Porphyrionis
996 1514 1170 1570 Monacensis
1190 1514 1292 1584 [praef.
1311 1515 1337 1568 II
1354 1531 1384 1584 p.
1398 1513 1488 1582 XIV].

338 1581 418 1654 Ppa!
439 1611 472 1631 =
497 1586 630 1640 lemmata
648 1584 718 1654 Pph.
738 1587 767 1639 et
784 1584 826 1638 Pi.
845 1585 919 1639 inter
937 1603 965 1640 se
985 1585 1166 1655 congruentia
1186 1585 1285 1656 [praef.
1305 1584 1330 1638 ΙΙ
1349 1603 1376 1654 p.
1395 1583 1488 1656 XIV].

338 1656 411 1724 Pph.
431 1681 464 1701 ==
483 1656 619 1710 lemmata
637 1655 835 1725 Porphyrionis
854 1656 1026 1711 Monacensis
1046 1656 1148 1727 [praef.
1168 1658 1180 1709 Ι
1198 1675 1226 1726 p.
1245 1656 1329 1724 XIV].

332 1742 378 1794 pr.
399 1751 433 1772 =
452 1728 541 1796 prior,
560 1726 649 1795 prius,
670 1727 770 1794 priore.

336 1813 352 1850 r
370 1821 404 1842 =
423 1797 511 1852 codex
529 1796 672 1851 Parisinus
690 1803 760 1851 9345
780 1797 878 1865 [praef.
898 1798 969 1866 Hp.
989 1797 1036 1851 IV.
1056 1797 1114 1864 IX].

337 1867 365 1920 R
384 1893 418 1913 a
437 1867 524 1923 codex
542 1867 683 1922 Romnum
703 1868 866 1936 (Vaticanus
883 1868 997 1938 reginae
1017 1867 1174 1922 Christinae
1195 1871 1283 1934 1703).

336 1955 392 1992 rue.
412 1964 446 1984 =
464 1955 590 1992 rasuram
609 1942 645 2004 (a.
660 1955 728 2005 ras,
746 1956 772 2007 p.
788 1942 862 2008 ras).

336 2011 416 2064 schol.
433 2013 460 2063 Γ
476 2035 510 2054 =
529 2026 563 2064 ea
586 2009 693 2064 scholia
714 2009 882 2079 marginalia
904 2025 975 2078 quae
994 2026 1050 2065 non
1069 2009 1106 2064 ad
1123 2011 1185 2063 Aer.
1205 2009 1359 2078 pertinent,
1385 2027 1487 2064 uerum

407 2082 502 2134 tamen
521 2097 576 2134 non
595 2081 685 2134 solum
699 2080 728 2134 in
742 2081 802 2134 cod.
817 2100 842 2149 y,
862 2081 954 2135 sedin
968 2081 1029 2135 aliis
1044 2097 1154 2149 quoqne
1168 2080 1247 2134 libris
1262 2081 1485 2149 manuscriptis,

408 2152 440 2205 ut
462 2152 492 2204 in
514 2167 558 2205 rc
582 2151 783 2220 Bambergensi
806 2151 1018 2221 Franeherano,'
1040 2152 1199 2220 passimque
1224 2151 1310 2205 etiam
1332 2150 1362 2204 in
1387 2152 1447 2205 cod.
1470 2172 1488 2205 ν

408 2222 584 2292 reperiuntur
603 2222 702 2291 [praef.
721 2240 747 2290 p.
767 2221 841 2292 XVJ.

336 2311 357 2347 a
375 2318 408 2338 =
428 2292 515 2347 codex
533 2292 675 2346 Parisinus
696 2298 764 2346 7973
785 2292 884 2362 [praes.
904 2294 915 2346 Ι
937 2311 963 2363 p.
984 2293 1043 2364 Xl].

333 2371 353 2422 a)
373 2389 406 2409 =
427 2362 514 2418 codex
532 2363 674 2418 Parisinus
692 2368 761 2417 8213
781 2363 879 2434 [praei.
899 2365 926 2417 II
943 2382 970 2432 p.
990 2364 1049 2435 IX].

337 2453 379 2500 a,
398 2451 446 2489 aa.
467 2459 501 2480 =
519 2451 621 2488 uersus.

336 2523 399 2560 aar.
419 2531 453 2550 =
471 2505 551 2559 uaria
568 2505 660 2559 lectio.

337 2577 395 2630 aid.
416 2601 449 2621 =
469 2575 582 2630 uidetur
601 2578 644 2643 (nt
662 2576 738 2645 uid).

336 2665 412 2718 με·
436 2647 563 2728 codicum
586 2647 704 2701 aliorum
727 2649 811 2715 atque
834 2642 1213 2717 A'vaB'yD‘RFt'd'a'sa'
1232 2649 1282 2700 aut
1304 2647 1408 2718 singuli
1434 2654 1487 2704 aut

337 2717 671 2843 z=nioldltillireidensis
689 2789 841 2844 Vossianus
861 2795 892 2844 21
916 2789 1014 2860 [praef.
1034 2789 1061 2843 ΙΙ
1079 2807 1105 2859 p.
1126 2789 1211 2859 XIII].
