3226 5238
567 450 646 516 'nna
661 471 701 535 11,
718 470 745 538 1,
760 469 879 537 aes-a,
895 470 927 520 aa
1257 455 1321 518 227

259 626 294 673 ‘24
340 613 372 673 Si
396 621 493 673 tamen
518 613 703 694 adtemptas?
749 618 885 694 quereris
914 633 1005 694 super
1033 616 1088 675 hoc
1113 618 1214 696 etiam,
1243 617 1321 694 quod

337 701 497 781 Expectata
521 702 575 762 tibi
599 721 657 763 non
681 707 794 764 mittam
819 706 947 764 carmina
971 705 1104 764 mendax.

337 789 454 850 Luculli
477 791 561 851 miles
586 791 708 852 collecta
732 795 838 853 uiatica
862 792 963 852 multis

338 879 508 958 Aernmnis,
532 879 627 940 lassus
651 881 722 940 dum
746 890 835 941 noctu
859 883 971 955 stertit,
996 881 1031 940 ad
1055 899 1152 941 assem

259 979 292 1027 28
337 967 525 1048 Perdiderat,
549 968 695 1048 posthoc
719 987 860 1029 neemens
883 969 984 1049 lupus,
1008 977 1037 1029 et
1061 969 1117 1029 sibi
1141 976 1171 1029 et
1193 968 1271 1028 hosti

339 1056 434 1116 lratus
457 1058 583 1136 pariter,
607 1059 714 1117 ieiunis
737 1057 876 1118 dentibus
900 1076 981 1138 acer,

337 1144 524 1204 Praesidium
546 1145 643 1224 regale
666 1145 731 1206 loco
756 1147 876 1227 deiecit,
900 1153 933 1206 ut
956 1149 1052 1226 aiunt,

340 1233 461 1292 Summe
485 1235 599 1293 munito
624 1241 654 1293 et
676 1235 837 1295 multarum
860 1236 953 1295 diuite
976 1253 1087 1295 rernm.

259 1334 292 1381 aa
340 1321 443 1381 Clarus
467 1321 504 1380 ob
528 1321 557 1380 id
581 1323 692 1382 laetum
716 1323 801 1383 donis
824 1332 948 1384 ornatur
971 1323 1119 1403 honestis,

338 1410 452 1489 Accipit
475 1409 573 1470 ethis
597 1411 672 1470 dena
697 1430 787 1491 snper
811 1414 947 1472 sestertia
971 1430 1133 1472 nummum.

338 1498 427 1558 Forte
450 1498 506 1558 sub
530 1497 586 1558 lroe
610 1507 726 1578 tempus
751 1500 903 1560 castellum
927 1508 1065 1560 euertere
1088 1508 1207 1580 praetor

338 1587 444 1646 Nescio
468 1587 547 1666 quod
572 1590 695 1666 cupiens
718 1589 832 1649 hortari
856 1591 954 1668 coepit
976 1588 1104 1649 eundem

259 1687 292 1734 aa
338 1675 455 1756 Verbis,
482 1694 556 1754 qnae
581 1676 683 1736 timido
707 1696 825 1756 quoque
849 1685 972 1757 possent
995 1677 1103 1737 addere
1127 1687 1270 1739 mentem:

339 1759 377 1843 Ἱ,
400 1763 490 1844 bona,
514 1783 572 1842 quo
597 1766 694 1825 uirtus
718 1774 768 1827 tna
791 1776 821 1826 te
845 1775 945 1840 uocat,
969 1769 979 1826 i
1002 1765 1077 1845 pede
1101 1767 1212 1845 lausto,

338 1852 466 1912 Grandia
489 1851 603 1913 laturus
626 1856 801 1915 meritorum
825 1853 969 1934 praemia!
992 1885 1037 1896 —
1060 1854 1131 1932 quid
1155 1850 1249 1916 stasl'

337 1940 410 2000 Post
431 1940 504 2000 baec
528 1941 575 2001 ille
600 1951 696 2022 catus,
719 1945 912 2023 quantumuis
936 1946 1082 2022 rusticus,
1108 1938 1186 2023 ibit,

259 2040 294 2087 40
340 2029 396 2089 lbit
420 2048 455 2088 eo
479 2032 607 2109 quouis
631 2033 683 2109 qui
706 2050 808 2091 zonam
833 2027 973 2111 perdidit'
997 2033 1102 2110 inquit.

339 2119 448 2178 Romae
472 2120 582 2178 nutriri
604 2119 676 2179 mibi
700 2122 825 2198 contigit
847 2129 935 2198 atque
959 2119 1073 2199 doceri,

339 2206 436 2266 iratus
460 2206 544 2266 Grais
567 2216 711 2286 qnantum
735 2210 887 2268 nocuisset
909 2207 1046 2268 Achilles.

338 2296 480 2355 Adiecere
505 2294 598 2354 bonae
622 2295 709 2375 paulo
733 2296 800 2377 plus
823 2299 895 2357 artis
918 2295 1066 2375 Athenae,

256 2395 290 2441 44
336 2383 457 2443 Scilicet
480 2391 514 2443 ut
536 2383 643 2443 uellem
668 2403 762 2444 curuo
786 2385 941 2444 dinoscere
965 2393 1080 2444 rectum

339 2475 435 2550 Atque
458 2473 537 2531 inter
561 2472 650 2532 siluas
673 2473 813 2533 Academi
836 2491 981 2551 quaerere
1005 2490 1120 2532 uerum.

339 2560 419 2620 llura
442 2560 503 2639 sed,
518 2579 658 2621 emouere
682 2561 746 2622 loco
770 2579 817 2621 me
841 2568 973 2640 tempora
997 2570 1094 2640 grato,

340 2648 501 2726 Ciuilisque
525 2649 630 2709 rudem
654 2649 722 2709 belli
745 2649 812 2710 tulit
835 2658 935 2710 aestus
958 2653 989 2708 in
1012 2667 1106 2729 arma,

260 2747 294 2796 48
340 2736 473 2796 Caesaris
496 2737 622 2815 Augusti
645 2757 704 2798 non
727 2757 907 2817 responsura
931 2738 1058 2798 lacertis.

339 2825 421 2885 Vnde
446 2825 533 2885 simul
556 2829 685 2904 primum
709 2845 755 2886 me
779 2827 918 2887 dimisere
941 2826 1085 2907 Philippi,

339 2914 452 2974 llecisis
476 2913 616 2974 humilem
640 2917 739 2993 pinnis
764 2917 942 2996 inopemque
966 2917 1082 2994 paterni

339 3002 377 3062 Et
400 3003 470 3062 laris
494 3012 524 3063 et
547 3003 631 3063 fundi
653 3011 813 3082 paupertas
837 3004 954 3083 impulit
977 3003 1071 3064 audax

261 3101 293 3148 52
340 3089 376 3151 Vt
399 3109 506 3151 uersus
530 3092 672 3154 lacerem:
695 3093 748 3152 sed
772 3092 851 3171 quod
875 3110 934 3152 non
958 3092 1035 3151 desit
1057 3089 1214 3150 habentem
1237 3169 1238 3172 Ἴ

341 3179 422 3249 Quae
445 3187 587 3258 poterunt
610 3198 749 3258 umquam
774 3183 845 3267 satis
869 3197 1034 3258 expurgare
1058 3181 1186 3258 cicutae,

340 3267 377 3326 Ni
400 3267 505 3327 melius
529 3267 658 3327 dormire
682 3275 784 3346 putem
808 3286 896 3346 quam
919 3267 1051 3326 scribere
1075 3262 1205 3327 uersus?

341 3355 462 3434 Singula
485 3355 521 3415 de
545 3354 631 3415 nobis
654 3358 723 3416 anni
745 3357 926 3435 praedantur
949 3364 1069 3415 euntes:

261 3455 295 3504 os
340 3443 486 3523 Eripuere
506 3447 600 3525 iocos,
624 3462 779 3524 uenerem,
803 3445 955 3524 conuiuia,
979 3443 1095 3524 ludum,

340 3532 479 3592 Tendunt
501 3539 679 3610 extorquere
703 3541 851 3611 poemata:
875 3532 946 3612 qnid
969 3534 1074 3592 faciam
1097 3529 1166 3592 uis?

340 3621 473 3698 Denique
497 3639 557 3680 non
581 3638 684 3680 omnes
708 3621 810 3681 eadem
834 3624 980 3682 mirantur
1003 3631 1175 3700 amantque:

341 3709 477 3770 Carmine
501 3717 533 3769 tu
557 3709 683 3789 gaudeS,
706 3709 754 3770 hic
778 3711 942 3771 delectatur
965 3709 1084 3790 iambiS,

261 3809 295 3857 60
341 3796 391 3856 llle
415 3795 533 3858 Bioneis
557 3798 745 3858 sermonibus
770 3808 800 3859 et
823 3798 882 3860 sale
906 3800 1000 3876 nigro.

340 3885 415 3946 Tres
438 3886 511 3945 mihi
534 3889 677 3947 conuiuae
701 3905 794 3966 prope
820 3887 977 3948 dissentire
1001 3886 1156 3965 uidentur,

340 3972 501 4034 Poscentes
525 3977 607 4034 uario
632 3975 757 4035 multum
781 3975 901 4036 diuersa
924 3974 1029 4055 palato.

181 4111 396 4122 ...-.--—---

492 4177 1017 4268 abacorumarcelaum

253 4325 288 4375 28
307 4335 438 4374 ueemene
457 4321 524 4388 d(et
538 4321 567 4386 d)
588 4320 658 4388 Pplc.
669 4337 715 4388 pr.
753 4320 902 4375 uehemens
921 4324 987 4375 cett..
1051 4337 1098 4374 uu.
1119 4325 1223 4373 32—62
1242 4320 1328 4374 initio

175 4407 266 4462 prope
283 4392 392 4446 modum
410 4395 614 4444 monumenta
687 4396 721 4444 32
745 4391 870 4460 ornatur]
896 4392 1007 4445 ornatus
1026 4391 1151 4446 ancon.
1188 4389 1336 4473 honestis}

301 4466 433 4544 lu
467 4532 473 4543 -
505 4466 540 4514 a
558 4461 755 4585 ulane
773 4457 1088 4588 rasurum
1139 4461 1327 4587 cartre

181 4531 273 4658 alelen
290 4531 674 4671 {leflllcffinlllgEsRmcepto
692 4619 719 4656 c.
739 4549 797 4657 ὃς.
842 4549 917 4601 σφ’
1095 4549 1113 4601 9
1207 4577 1213 4588 ’

1063 4691 1116 4745 15*
