3226 5238
572 421 638 467 nm.
652 420 679 487 1,
694 419 723 486 a,
739 419 819 487 1-a,
836 419 869 468 10

309 569 429 629 Adsidet
452 570 569 628 insano:
592 577 695 646 potare
720 577 750 628 et
773 585 912 647 spargere
936 567 1026 627 liores

309 658 450 736 Incipiam
473 657 627 735 patiarque
651 655 701 717 uel
723 655 910 717 inconsultus
933 654 1044 716 baberi.

225 759 261 805 ra
310 746 386 816 Quid
409 764 469 806 non
494 744 622 806 ebrietas
646 741 809 823 dissignat?
834 753 938 822 operta
962 743 1100 823 recludit,
1209 737 1235 805 .’

309 834 382 913 Spes
405 833 490 894 iubet
513 852 578 893 esse
601 840 693 912 ratas,
717 833 752 893 ad
776 832 888 912 proelia
911 831 1006 892 trudit
1029 833 1169 911 inertem,

310 922 449 983 Sollicitis
473 923 577 982 animis
601 940 677 982 onus
701 923 817 1000 eximit,
841 921 965 981 addocet
988 928 1075 980 artes.

308 1010 439 1072 Fecundi
463 1009 569 1070 calices
593 1028 681 1089 quem
705 1028 764 1069 non
788 1011 886 1070 iecere
910 1008 1067 1081 disertum,

225 1111 262 1158 20
309 1099 466 1159 Contracta
490 1117 579 1178 quem
602 1117 661 1158 non
684 1100 715 1158 in
738 1105 912 1177 paupertate
937 1093 1088 1158 solutum?
1158 1087 1166 1102 ⁸

308 1187 386 1247 Haec
410 1197 465 1266 ego
488 1205 650 1266 procurare
675 1195 704 1247 et
727 1187 852 1246 idoneus
876 1189 1007 1264 imperor
1030 1193 1059 1246 et
1083 1203 1141 1244 non

308 1275 437 1356 inuitus,
461 1295 497 1336 ne
523 1284 609 1354 turpe
633 1274 722 1354 toral,
746 1294 782 1334 ne
807 1275 923 1334 sordida
948 1293 1052 1353 mappa

309 1363 460 1442 Conruget
483 1366 577 1444 naris,
600 1382 637 1424 ne
663 1381 722 1423 non
746 1372 776 1423 et
799 1362 957 1424 cantharus
982 1370 1011 1422 et
1034 1362 1101 1421 lanx

228 1463 263 1511 24
310 1451 454 1512 Ostendat
477 1451 530 1512 tibi
554 1462 597 1527 te,
621 1471 657 1512 ne
682 1451 755 1510 fidos
779 1453 857 1512 inter
881 1452 991 1512 amicos

310 1539 354 1601 Sit
377 1543 428 1620 qui
451 1540 529 1600 dicta
553 1542 631 1600 loras
656 1539 800 1620 eliminet,
823 1547 856 1599 ut
880 1547 964 1600 coeat
985 1557 1039 1618 par

308 1628 509 1708 longaturque
532 1631 611 1708 pari:
634 1628 755 1689 Butram
779 1627 833 1688 tibi
858 1627 1080 1706 Septiciumque

309 1716 346 1778 Et
369 1719 427 1778 nisi
451 1736 523 1778 cena
547 1720 629 1796 prior
652 1718 810 1796 potiorque
834 1715 932 1795 puella
956 1715 1098 1777 Sabinum

228 1818 261 1865 28
310 1805 429 1866 Detinet
451 1805 615 1885 adsumam3
638 1805 722 1865 locus
745 1814 792 1866 est
814 1813 845 1866 et
867 1803 1004 1885 pluribus
1028 1802 1155 1883 umbris3

311 1893 367 1953 Sed
392 1896 479 1955 nimis
503 1902 566 1954 arta
588 1901 730 1972 premunt
753 1893 847 1954 olidae
872 1894 1010 1954 conuiuia
1034 1907 1148 1972 caprae.

309 1983 352 2042 To
378 1992 487 2061 quotus
510 2001 576 2043 esse
600 1982 675 2043 uelis
699 1981 831 2042 rescribe
855 1991 885 2042 et
908 1981 999 2042 rebus
1023 1983 1139 2040 omissis

309 2071 390 2130 Atria
414 2080 583 2132 seruantem
607 2072 721 2149 postico
746 2069 812 2129 lallo
836 2069 981 2131 clientem.

616 2323 827 2330 ——.-.—---

705 2565 859 2624 Vlv

308 2689 355 2750 Nil
379 2689 518 2751 admirari
540 2708 633 2769 prope
657 2707 706 2749 res
730 2696 776 2748 est
798 2706 869 2769 una,
892 2686 1024 2765 Numici,

310 2778 436 2857 Solaque
460 2797 536 2858 quae
559 2780 654 2856 possit
676 2778 773 2838 lacere
798 2785 828 2837 et
851 2794 973 2836 seruare
996 2775 1124 2836 beatum.

309 2866 394 2928 Hunc
420 2867 511 2928 solem
535 2876 565 2926 et
588 2865 687 2926 stellas
711 2874 741 2927 et
763 2866 938 2926 decedentia
962 2867 1051 2926 certis

247 2968 263 3013 4
310 2956 456 3035 Tempora
479 2957 637 3015 momentis
662 2963 731 3016 sont
755 2957 805 3034 qui
829 2954 986 3014 formidine
1011 2952 1090 3014 nulla

310 3043 418 3104 lmbuti
441 3052 585 3122 spectent.
632 3043 702 3122 quid
726 3061 830 3102 censes
855 3060 978 3102 munera
1002 3037 1121 3102 terrae?

309 3132 386 3202 Quid
410 3134 499 3192 maris
523 3140 671 3193 extremos
694 3130 805 3190 Arabas
828 3129 949 3190 ditantis
972 3138 1002 3189 et
1024 3125 1134 3189 ludos?

310 3215 467 3280 ‘Ludicra’
514 3219 585 3298 quid
608 3219 729 3298 plausus
753 3228 783 3279 et
805 3220 891 3278 amici
915 3217 990 3276 dona
1014 3212 1160 3287 Quiritis?

247 3321 263 3369 8
311 3309 375 3379 Quo
400 3308 558 3388 spectanda
582 3308 683 3386 modo,
706 3326 765 3385 quo
790 3324 879 3366 sensu
903 3304 1001 3364 credis
1025 3313 1054 3364 et
1077 3300 1152 3363 ore?

310 3396 367 3466 Qui
392 3400 475 3457 timet
497 3397 544 3456 bis
568 3395 706 3468 aduersa,
730 3396 793 3455 lere
816 3396 941 3454 miratur
965 3393 1069 3452 eodem

310 3485 374 3555 Quo
399 3487 523 3564 cupiens
545 3492 645 3563 pacto:
669 3502 762 3562 pauor
786 3492 830 3542 est
855 3480 1014 3560 utrubique
1039 3481 1195 3561 molestus,

389 3705 1052 3796 atcarnalemqueatrocen)

222 3855 255 3903 16
270 3847 409 3917 dissignat
422 3843 638 3916 ApaEth‘d'aa
652 3848 717 3917 Aca.
733 3849 808 3916 epist.
824 3848 835 3899 l
851 3853 874 3914 7,
892 3854 907 3902 6
944 3846 1072 3915 designat
1086 3845 1202 3927 appono
1214 3841 1294 3912 Ppla!

152 3914 402 3987 Porpalauterpn:
419 3918 530 3986 ‘aperit’
598 3925 629 3971 17
645 3918 762 3973 inertem
776 3912 1071 3986 Ellen'plossffluor.
1104 3910 1294 3970 inhertemod'

468 4007 600 4054 tinea-mem

183 4060 320 4114 inermem
338 4056 434 4129 A'ppt'
470 4061 603 4113 inermem
623 4058 653 4112 F
670 4059 729 4127 (sic)
765 4059 923 4112 inermeno
996 4063 1029 4110 19
1048 4055 1171 4110 Facundi
1189 4055 1295 4124 aqFlsa

184 4130 350 4185 Fecumdit
399 4130 530 4185 Faacundi
552 4129 704 4197 pacansL
748 4128 892 4183 Fancundi
908 4127 936 4180 A
977 4126 1103 4182 Facundi
1119 4121 1225 4179 ERd'ar

149 4207 182 4256 23
206 4218 260 4254 nec
277 4218 334 4255 non
354 4203 382 4256 et
400 4218 469 4271 apoy
487 4217 548 4268 opp.
568 4205 625 4254 cett.
647 4193 726 4266 Ppla.'
799 4204 833 4252 25
857 4200 890 4251 ub
907 4193 1133 4266 A'vade'ano
1170 4197 1199 4250 et
1216 4191 1296 4268 Fra

221 4277 256 4326 25
270 4272 383 4326 buttem
397 4265 588 4341 Aqaquasaa'
625 4270 736 4323 brutam
750 4264 843 4336 eq'v
880 4268 1007 4322 bolrdad
1074 4273 1108 4321 27
1123 4268 1204 4338 cena]
1219 4269 1294 4321 omis.

149 4339 214 4396 A'R
276 4348 311 4396 28
321 4343 467 4396 adsumam
477 4341 615 4407 AcoyrAE
642 4340 825 4394 adsummam
834 4338 1096 4407 ARlasImploss.P
1120 4338 1295 4392 adsummcm

149 4407 281 4482 ayFtd'n
318 4413 471 4482 adsumiip

221 4483 274 4538 16.
307 4485 494 4553 aspectante
568 4481 697 4535 carabos
712 4475 947 4550 A'vade'aa'o
984 4480 1082 4534 arabes
1096 4475 1148 4534 Ft'
1221 4480 1295 4534 9his

52 4559 57 4568 '
149 4549 359 4623 A'qupRsn'o
377 4557 457 4608 schol.
470 4557 496 4606 Γ
528 4553 552 4606 is
571 4548 649 4605 Fa'a
725 4557 757 4605 10
781 4551 930 4620 ubnrbiqne
950 4550 1034 4604 AER
1071 4551 1218 4619 utrobique
1237 4555 1294 4604 cett.

202 4661 334 4693 nocentur,
1050 4647 1082 4696 13
