3264 5238
632 379 815 426 cauturium
839 379 906 426 LIB.
931 380 966 425 Π.
992 377 1094 425 19—20

448 524 509 605 Tu,
533 544 601 586 eum
624 529 756 603 parentis
780 543 870 603 regna
893 525 1095 604 perarduum

449 613 563 674 Cohors
587 613 746 692 Gigantum
769 613 925 676 scanderet
948 616 1050 694 impia,

492 703 641 762 Rhoetum
665 705 813 763 retorsisti
836 702 930 762 leonis

371 803 406 850 24
541 791 694 869 Vnguibus
717 790 913 869 horribilique
936 790 1024 870 mala;

448 879 633 959 Quamquam
656 880 775 940 choreis
798 883 894 958 aptior
918 889 947 940 et
970 882 1043 939 iocis

447 967 591 1048 Ludoque
615 968 727 1050 dictus,
750 987 811 1028 non
834 977 879 1028 sat
901 969 1027 1028 idoneus

493 1057 612 1136 Pugnae
637 1057 794 1130 ferebaris,
819 1057 869 1116 sed
894 1057 972 1116 idem

369 1158 402 1206 28
538 1147 624 1207 Pacis
647 1165 715 1206 eras
733 1147 909 1224 mediusque
927 1145 1005 1205 belli.

448 1235 490 1294 Te
515 1236 590 1297 uidit
613 1239 716 1296 insons
740 1234 889 1295 Cerberus
912 1253 1003 1294 aureo
1040 1263 1046 1272 ·

448 1323 549 1385 Cornu
572 1325 714 1384 decorum
738 1323 845 1384 leniter
868 1332 999 1384 atterens

494 1413 622 1474 Caudam
647 1422 677 1473 et
699 1412 867 1472 recedentis
891 1412 1022 1490 trilingui

370 1515 403 1563 32
539 1502 597 1562 Ore
620 1502 713 1581 pedes
735 1503 890 1580 tetigitque
915 1520 1011 1562 crura.

834 1749 888 1810 XX

449 1859 515 1919 Non
538 1862 647 1924 usitata
670 1878 726 1918 nec
749 1862 832 1919 tenui
856 1859 935 1918 lerar

447 1948 544 2009 Pinna
567 1948 702 2008 biformis
725 1967 780 2028 per
803 1947 944 2028 liquidam
968 1947 1086 2008 aethera

494 2037 581 2098 Vates
606 2056 702 2116 neque
726 2040 757 2096 in
781 2040 870 2097 terris
893 2036 1032 2096 morabor

386 2139 403 2185 4
537 2126 669 2205 Longius
691 2125 863 2204 inuidiaque
887 2128 980 2185 maior

448 2215 542 2300 Vrbes
565 2215 740 2294 relinquam.
764 2233 823 2275 non
848 2234 902 2293 ego
925 2233 1091 2294 pauperum

449 2305 576 2384 Sanguis
599 2313 771 2386 parentum,
794 2323 854 2364 non
878 2321 932 2382 ego
956 2321 1043 2382 quem
1068 2311 1189 2383 tineent,

492 2393 604 2454 Dilecto
628 2394 794 2474 Maecenas,
818 2391 906 2452 obibo

387 2494 402 2542 8
537 2483 599 2542 Nec
624 2483 723 2561 Stygia
747 2481 907 2542 cohibebor
930 2480 1017 2541 unda.

448 2571 509 2632 lam
532 2575 589 2631 iam
613 2572 749 2632 residunt
772 2570 911 2631 cruribus
934 2588 1055 2648 asperae

448 2660 558 2741 Pelles,
583 2669 612 2720 et
635 2660 734 2720 album
758 2668 856 2721 mutor
879 2663 910 2718 in
934 2653 1033 2718 alitem

493 2749 643 2829 Superne,
667 2757 890 2828 nascunturque
913 2747 996 2807 leues

371 2849 402 2897 12
538 2837 596 2897 Per
619 2839 727 2916 digitos
751 2855 930 2915 umerosque
954 2837 1079 2916 plumae.

448 2927 508 2988 lam
532 2926 676 2987 Daedaleo
700 2928 799 2986 notior
822 2925 905 2984 lcaro

448 3017 545 3076 Visam
569 3018 714 3094 gementis
738 2996 836 3074 litora'
848 3013 994 3093 bosphori

492 3104 646 3184 Syrtisque
670 3104 811 3164 Gaetulas
834 3121 961 3162 canorus

370 3206 402 3253 16
537 3193 604 3253 Ales
627 3192 894 3272 Hyperboreosque
919 3209 1046 3270 campos,

447 3282 494 3341 hle
518 3281 646 3342 Colchus
670 3291 713 3361 et,
738 3285 789 3360 qui
813 3279 978 3342 dissimulat
1000 3289 1112 3340 metum

448 3370 561 3431 Marsae
586 3371 731 3452 cohortis,
755 3369 849 3430 Dacus
873 3378 903 3428 et
926 3369 1021 3429 ultimi

492 3460 621 3520 Noscant
644 3458 762 3538 Geloni,
786 3478 832 3518 me
856 3460 970 3537 peritus

368 3561 401 3609 2ο
536 3547 635 3608 lliscet
658 3546 750 3608 Hiber
773 3547 966 3624 Rhodanique
990 3555 1084 3626 potor.

447 3635 552 3698 Absint
574 3639 655 3695 inani
678 3638 783 3696 iuuere
808 3637 912 3695 neniae

447 3723 618 3802 Luctusque
643 3733 747 3803 turpes
771 3732 800 3784 et
824 3726 1040 3802 querimoniae:

492 3813 653 3893 Compesce
676 3813 836 3874 clamorem
859 3831 893 3872 ac
917 3812 1067 3891 sepulchri

365 3914 400 3960 24
534 3902 617 3962 blitte
642 3919 845 3981 superuacues
871 3900 1008 3960 honores

392 4053 1319 4144 aeuumque(121)artu>inueniuntur)
1344 4129 1352 4156 χ

357 4179 383 4231 Π
392 4185 434 4232 20.
464 4187 478 4232 1
494 4181 559 4234 Non
571 4179 687 4232 uisitata
700 4179 837 4246 Berplcius
850 4194 912 4246 opp.
928 4178 1071 4232 Diornedes
1084 4177 1199 4231 Seruius
1212 4177 1245 4231 de
1258 4179 1350 4230 metros
1375 4193 1435 4231 non

287 4251 365 4302 tenui
379 4250 423 4319 by
437 4253 498 4318 opp.
514 4269 584 4304 mnu.
601 4251 672 4318 Pph.
687 4251 767 4303 schol.
777 4253 803 4302 Γ
818 4249 963 4302 Diomedes
981 4249 1139 4303 Victorinus
1157 4248 1272 4302 Seuero
1290 4249 1323 4301 de
1339 4251 1435 4302 murts

356 4327 372 4373 3
387 4323 462 4374 terra
471 4318 583 4374 Fd‘n'o'
658 4328 673 4374 6
689 4337 771 4388 quem
785 4323 889 4373 nocant
902 4321 1044 4374 Bentlea'os
1080 4338 1164 4388 quem
1180 4336 1262 4374 uocas
1276 4335 1346 4373 omn.
1360 4319 1434 4388 Ppe.

287 4392 365 4460 ploos.
378 4394 405 4444 Γ
475 4397 506 4444 13
522 4393 614 4445 notior
627 4387 766 4459 A'poBRt
781 4391 851 4458 Pph.
889 4391 984 4444 noeior
998 4388 1050 4444 D't
1087 4392 1161 4445 otior
1174 4409 1193 4444 u
1234 4391 1310 4444 ocior
1321 4389 1434 4444 OFeLo

286 4463 392 4530 plocen
433 4462 521 4515 tiore
562 4463 619 4515 cior
637 4483 658 4514 π
697 4463 785 4515 tutior
802 4461 893 4514 Bentl.
971 4467 1003 4514 15
1027 4463 1138 4530 getulae
1157 4462 1342 4530 (tegulesm)
1361 4478 1433 4516 mun.
