3220 5234
587 433 654 479 me.
669 434 709 499 11,
726 433 753 498 1,
770 431 855 478 1-—55
1232 415 1293 480 153

309 579 501 640 Pantolabum
525 597 659 638 scurram
683 578 959 657 Nomentanumque
983 587 1135 658 nepotem,

309 668 381 728 Cum
401 667 458 728 sibi
477 670 604 747 quisque
623 669 720 748 timet,
740 685 917 746 quamquam
937 675 983 727 est
1001 669 1143 748 intactus,
1163 674 1193 728 et
1211 663 1293 728 odit'

231 769 266 816 44
311 757 386 828 Quid
411 753 537 817 inciam?
560 756 647 816 saltat
669 755 820 835 Milonius,
845 763 878 816 ut
902 755 993 816 semel
1015 758 1075 816 icto

309 845 441 906 Accessit
464 847 566 905 leruor
589 847 677 924 capiti
702 863 904 923 numerusque
928 844 1073 925 lucernis3

310 934 413 994 Castor
436 935 545 1013 gaudet
568 937 667 1013 equis,
691 953 748 994 ouo
772 941 934 1012 prognatus
959 934 1063 994 eodem

308 1022 432 1103 Pugnis3
456 1031 529 1102 quot
552 1025 680 1102 capitum
705 1025 825 1101 uiuunt,
850 1022 973 1082 totidem
997 1022 1163 1083 studiorum
1202 1073 1206 1080 ,

233 1123 264 1170 28
308 1111 393 1172 Milia.
440 1130 487 1173 me
510 1111 636 1190 pedibus
660 1111 787 1172 delectat
810 1110 947 1170 claudere
971 1110 1062 1171 uerba

310 1199 403 1260 Lucili
427 1202 500 1279 ritu,
524 1207 659 1260 nostrum
684 1200 814 1260 melioris
839 1207 974 1278 utroque.

310 1289 359 1349 llle
383 1288 467 1349 uelut
490 1289 556 1350 fidis
579 1308 685 1349 arcana
710 1287 858 1349 sodalibus
882 1288 951 1348 olim

310 1377 456 1438 Credebat
479 1377 575 1459 libne,
599 1397 696 1456 neque
720 1377 843 1437 simale
867 1388 998 1438 cesserat
1021 1395 1146 1455 usquam

233 1479 265 1525 32
310 1467 478 1526 Decurrens
502 1465 572 1547 alio,
596 1485 692 1545 neque
717 1469 741 1526 si
765 1465 854 1526 bene:
879 1484 938 1544 quo
961 1468 1007 1547 fit,
1031 1475 1064 1527 ut
1086 1468 1182 1526 omnis

311 1555 412 1616 Votiua
436 1563 534 1634 pateat
557 1555 651 1615 ueluti
674 1555 823 1635 descripta
846 1553 952 1614 tabella

311 1643 372 1704 Vita
397 1646 484 1703 senis.
533 1662 642 1722 sequor
665 1643 758 1724 hunc,
782 1643 918 1703 Lucanus
942 1662 979 1704 an
1002 1643 1114 1723 Apulus
1129 1661 1262 1721 anceps:

310 1733 381 1792 Nam
405 1732 573 1793 Venusinus
597 1742 660 1793 arat
683 1734 771 1793 finem
796 1732 851 1793 sub
875 1740 1036 1812 utrumque
1060 1731 1196 1810 colonus,

234 1835 266 1882 34
310 1821 418 1881 Missus
442 1821 571 1902 adhoc,
594 1821 701 1902 pulsiS‚
724 1829 813 1882 uetus
837 1829 938 1881 estut
962 1822 1051 1901 lama,
1076 1818 1213 1899 Sabellis,

309 1910 374 1981 Quo
399 1929 436 1969 ne
459 1928 513 1990 per
538 1928 665 1970 uacuum
688 1910 819 1970 llomano
843 1913 1012 1970 incurreret
1034 1910 1142 1987 hostis,

310 1999 380 2059 Siue
404 1998 483 2076 quod
507 1998 599 2079 Apula
623 2017 695 2078 gens
719 2016 772 2059 seu
797 1998 875 2078 quod
899 1998 1027 2060 Lucania
1050 1997 1160 2059 bellum

309 2088 461 2148 incuteret
485 2086 622 2147 uiolenta.
670 2087 720 2148 sed
744 2087 792 2148 hic
817 2087 903 2148 stilus
925 2087 983 2148 hau
1007 2094 1089 2166 petet
1112 2086 1190 2147 ultro

232 2189 265 2238 4ο
311 2176 495 2253 Quemquam
520 2178 698 2236 animantem
722 2185 751 2236 et
775 2195 820 2236 me
846 2176 938 2236 ueluti
963 2175 1110 2236 custodiet
1133 2177 1213 2234 ensis

310 2264 418 2343 Vagina
441 2271 552 2324 tectus:
576 2283 664 2343 quem
690 2283 744 2325 cur
767 2265 952 2342 destringere
976 2282 1067 2324 coner

299 2353 405 2413 'Tutus
428 2351 464 2414 ab
487 2353 604 2413 inlestis
627 2350 813 2413 latronibus?
836 2372 853 2412 o
877 2359 961 2431 pater
984 2361 1014 2412 et
1037 2371 1090 2412 rex

310 2442 456 2522 luppiter,
479 2451 513 2502 ul
535 2450 638 2520 pereat
660 2444 789 2520 positum
813 2440 947 2519 robigine
971 2440 1076 2520 telum,

231 2543 265 2590 44
310 2530 371 2590 Nec
395 2532 552 2609 quisquam
576 2538 680 2592 noceat
704 2530 811 2610 cupido
837 2529 907 2590 mihi
930 2527 1024 2608 pacis!
1048 2539 1077 2589 at
1100 2529 1148 2588 illc

310 2619 367 2690 Qui
390 2638 436 2678 me
462 2621 618 2680 commorit
642 2612 763 2700 (melius
786 2637 846 2678 non
869 2626 1004 2698 tangere,
1028 2611 1151 2700 clamo)

309 2707 405 2768 Flebit
428 2715 458 2768 et
480 2710 604 2786 insignis
629 2715 689 2768 lota
713 2707 880 2768 cantabitur
902 2707 986 2768 urbe.

309 2796 396 2856 Cer
369 2815 435 2857 urus
459 2799 552 2856 iratus
575 2796 656 2875 leges
679 2798 832 2857 minitatur
856 2805 886 2856 et
909 2814 1028 2877 urnam,

229 2898 263 2946 48
310 2884 429 2944 Canidia
452 2884 570 2965 Albuci,
593 2885 702 2963 quibus
725 2893 771 2946 est
794 2887 925 2966 inimica,
949 2903 1112 2965 uenenum,

228 2995 234 3010 r
310 2973 425 3032 Grande
449 2973 558 3033 malum
582 2973 692 3034 Turius
698 2973 826 3053 ,siquid
851 2993 882 3033 se
907 2974 1003 3034 iudice
1027 2985 1133 3035 certes.

310 3061 346 3134 Vt
370 3079 428 3140 quo
453 3064 579 3140 quisque
603 3061 683 3122 ualet
705 3070 861 3141 suspectos
884 3069 1009 3142 terreat,
1033 3070 1125 3140 utque

310 3149 439 3228 imperet
460 3150 519 3210 hoc
542 3158 647 3210 natura
669 3159 789 3230 potens,
813 3153 855 3210 sic
879 3149 984 3229 collige
1008 3169 1133 3210 mecum.
1180 3154 1206 3206 “.
1241 3202 1245 3206 ,

230 3253 264 3300 52
311 3238 403 3298 llente
427 3238 529 3318 lupus,
553 3257 647 3299 cornu
670 3247 775 3306 taurus
798 3241 885 3316 petit:
910 3238 1000 3317 unde,
1025 3240 1084 3298 nisi
1106 3241 1187 3298 intus

309 3323 530 3402 Monstratum‘?
554 3327 684 3388 Scaeuae
709 3329 845 3387 uiuacem
869 3326 956 3386 crede
981 3329 1080 3405 nepoti

309 3415 447 3476 Matrem:
472 3414 512 3475 nil
537 3416 626 3476 laciet
650 3414 771 3475 sceleris
795 3417 841 3494 pia
865 3415 986 3475 dextera
1010 3409 1147 3496 (mirum,

309 3503 345 3563 Vt
369 3523 465 3583 neque
490 3502 568 3563 calce
589 3503 676 3584 lupus
695 3522 873 3582 quemquam
893 3522 990 3582 neque
1010 3504 1097 3564 dente
1117 3505 1191 3582 petit
1210 3496 1291 3582 bos);

497 3656 741 3746 osyEqDF(qup)l
740 3655 950 3746 ''(ll)eLu(uu)

220 3767 1295 3857 44444444Ε4Β44Ρ444.44Ε444Ρ41444444.4444411οηὶ44

146 3845 191 3912 pL
216 3838 296 3912 Pplc'
318 3839 430 3910 Porpb!
449 3859 510 3910 opp.
536 3844 656 3911 Porplc.
658 3845 705 3897 alt.
721 3844 737 3898 l
757 3843 822 3896 Aer.
865 3842 964 3912 semel]
989 3841 1072 3896 simul
1094 3859 1113 3911 y
1133 3837 1243 3908 Porplu'
1263 3843 1295 3894 in

147 3917 287 3983 interpret
377 3931 405 3966 4
434 3918 467 3966 28
495 3915 569 3968 omis.
595 3914 635 3966 Er
695 3913 907 4036 umbepuerbir
931 3931 951 3966 u
1040 3919 1073 3965 31
1102 3913 1221 3965 cesserat
1243 3927 1295 3981 urg

183 3986 309 4066 gesserat
337 3989 394 4038 cell.
444 3985 575 4068 usquam]
604 4001 736 4053 umquem
765 4001 780 4037 a
819 4001 879 4038 uae.
891 3983 917 4035 L
922 4000 967 4051 pl
979 4000 1017 4052 up
1061 3999 1184 4050 unquam
1208 3998 1223 4034 v

147 4065 180 4111 41
196 4054 363 4124 distringere
378 4049 460 4110 Fame
497 4055 669 4164 destringere
684 4060 741 4109 cett.
752 4066 877 4123 quor..
919 4059 953 4107 49
969 4053 1058 4106 torius
1072 4071 1125 4120 αγν
1127 4052 1195 4122 Equi
1206 4057 1299 4107 uoci

149 4158 230 4232 Ppo!
244 4155 356 4230 Porpsb
366 4161 417 4215 Ac.
427 4180 444 4214 ν
457 4160 523 4214 Aer
560 4137 658 4216 choba
672 4161 698 4213 L
734 4161 822 4214 lorias
841 4159 969 4213 DFlam?
1005 4158 1092 4212 torius
1110 4175 1131 4211 u
1167 4157 1293 4225 quid...

148 4238 237 4289 certes
266 4231 352 4301 αγνΕ
379 4226 459 4300 Ppo!
506 4231 598 4298 quis
620 4233 765 4287 ..ecerbb
792 4247 879 4299 quar.
890 4225 1089 4298 ybnt'flzbu
1142 4233 1177 4282 50
1204 4229 1293 4299 ualet]

146 4375 243 4496 ualeat
260 4391 298 4442 qu
370 4378 405 4426 64
422 4319 528 4426 fbcfbreb
542 4389 561 4425 u
566 4371 683 4492 nfaciel
700 4387 736 4442 gy
750 4387 811 4439 opp.
827 4376 884 4427 cett.
899 4371 964 4424 Aer.
1038 4375 1070 4424 55
1090 4387 1179 4439 neque
1199 4369 1293 4441 dente]

145 4508 292 4633 Ddenietl
318 4522 393 4630 dpec
412 4505 495 4558 dente
515 4506 548 4572 φῖ
566 4463 720 4572 11(144444
770 4504 856 4576 petil]
875 4491 976 4574 petit
1022 4504 1101 4575 pelei
1118 4503 1178 4568 ‚qFl
1221 4504 1295 4576 petis

181 4596 221 4648 pr
245 4594 265 4630 4
291 4593 322 4631 ua
