3264 5238
635 409 704 458 LIB.
727 409 747 458 1.
771 409 876 459 20-24

342 557 422 619 Pone
446 577 508 639 me,
531 560 624 638 pigris
648 557 700 618 ubi
723 558 802 618 nulla
826 559 937 637 campis

306 643 309 654 '
341 649 438 708 Arbor
462 650 574 708 aestiua
599 656 752 708 recreatur
775 667 859 722 arira,

343 737 428 808 Quod
452 737 529 797 latus
552 737 656 796 mundi
679 736 803 798 nebulae
827 736 981 815 malusque

260 840 295 887 20
386 825 520 905 luppiter
543 834 643 905 urget3

340 915 420 974 Pone
446 913 501 974 sub
529 933 621 977 curru
645 916 769 974 nimium
793 916 954 994 propinqui

341 1003 417 1063 Solis
441 1006 472 1064 in
497 1012 576 1064 terra
600 1002 737 1063 domibus
760 1012 878 1082 negata:

341 1091 433 1152 Dulce
456 1093 604 1153 ridentem
627 1091 752 1170 Lalagen
777 1091 894 1171 amabo,

259 1193 297 1241 24
386 1180 477 1242 Dulce
501 1181 681 1260 loquentem.

705 1516 801 1578 Xlllll

339 1641 418 1704 Vitas
441 1643 541 1703 inuleo
566 1662 612 1703 me
637 1643 756 1725 similis,
780 1640 885 1722 Chloe,

339 1731 501 1802 Quaerenti
523 1731 661 1812 pauidam
683 1730 835 1792 montibus
859 1733 933 1792 auiis

384 1820 509 1881 Matrem
534 1840 592 1881 non
617 1822 681 1880 sine
705 1839 782 1881 uano
887 1887 891 1896 ,

290 1921 306 1966 4
342 1955 345 1962 „
439 1910 588 1970 alterarum
612 1917 641 1968 et
665 1909 756 1970 siluae
781 1918 871 1970 metu.

339 1997 412 2057 Nam
437 2017 490 2058 seu
514 1996 673 2058 mobilibus
696 2000 799 2077 uepris
821 1998 971 2058 inhorruit

339 2085 382 2146 dd
408 2095 513 2146 uentos
538 2087 630 2166 loliis,
654 2105 707 2148 seu
732 2086 844 2146 uirides
868 2083 976 2146 rubum

383 2175 541 2235 Dimouere
565 2175 705 2256 lacertae,

165 2323 171 2326 .
278 2274 293 2320 8
427 2264 465 2323 Et
490 2264 578 2324 corde
603 2272 632 2324 et
655 2263 781 2342 genibus
805 2265 913 2323 tremit.

338 2352 426 2430 Atqui
450 2372 509 2413 non
533 2371 587 2431 ego
612 2361 654 2432 te,
682 2355 767 2431 tigris
791 2361 824 2412 ut
847 2369 952 2430 aspera

339 2439 519 2502 Gaetulusue
543 2441 603 2521 leo,
627 2442 763 2520 frangere
787 2458 966 2520 persequor:

382 2529 512 2590 Tandem
537 2530 639 2589 desine
662 2540 788 2590 matrem

261 2629 292 2674 12
427 2618 616 2698 Tempestiua
643 2621 729 2697 sequi
752 2621 827 2679 uiro.

695 2955 803 3015 XXllll

339 3078 412 3149 Quis
436 3080 584 3140 desiderio
608 3082 647 3139 sit
670 3080 765 3158 pudor
789 3088 840 3138 aut
863 3080 968 3139 modus

338 3167 409 3228 Tam
434 3171 495 3228 cari
519 3165 645 3247 capitis?
667 3170 805 3248 praecipe
828 3167 963 3245 lugubris

339 3255 464 3337 Centau,
488 3256 685 3338 Melpomene,
710 3259 757 3317 oui
781 3256 922 3334 liquidam
946 3263 1030 3334 pater

276 3356 293 3403 4
382 3343 491 3405 Vocem
515 3363 582 3405 cum
607 3346 717 3406 cithara
742 3345 830 3405 dedit.

336 3432 415 3512 Ergo
440 3434 616 3505 Quintilium
639 3443 803 3513 perpetuus
827 3451 916 3515 sopor

336 3519 449 3598 Vrget?
473 3525 522 3582 cui
546 3522 642 3601 pudor
666 3532 695 3582 et
719 3523 848 3582 iustitiae
873 3539 971 3600 soror,

336 3608 511 3689 incorrupta
535 3611 622 3691 fides,
646 3611 782 3688 nudaque
807 3611 918 3669 ueritas

275 3710 290 3757 8
382 3697 505 3767 Quando
529 3699 622 3759 ullum
645 3702 779 3759 inueniet
801 3694 925 3777 parem?

174 3836 387 3846 ae—-—-—--—

301 3920 1195 4012 areunculam<ottoouartronum)

249 4052 280 4100 18
300 4047 379 4114 aura]
399 4047 500 4101 umbra
524 4047 682 4101 Victorinus
753 4053 787 4101 23
806 4047 962 4115 lala-gemb

211 4118 283 4172 123.
323 4125 336 4170 1
361 4117 442 4172 Vitas
461 4115 488 4170 α’
508 4120 640 4187 expositio
663 4119 774 4172 metrica
796 4119 931 4185 codicioy
973 4117 1054 4171 Vitat
1072 4112 1289 4170 A'B'D'RFt'd
1292 4114 1320 4170 π’

172 4184 256 4256 Ppo!
269 4184 378 4256 Perple‘
390 4191 456 4243 Aer.
471 4190 615 4243 Diomedes
634 4189 792 4243 Victorinus
806 4189 921 4242 Seruius
934 4190 967 4241 de
980 4189 1072 4240 metria
1144 4193 1159 4240 5
1174 4204 1211 4256 sq.
1227 4187 1320 4256 ueprio

169 4259 314 4313 inhorruit
327 4261 364 4313 ad
377 4260 506 4331 uentum]
521 4260 595 4314 ueris
610 4262 701 4329 (uerus
715 4259 846 4326 Romae.)
860 4259 999 4312 inhorruit
1008 4258 1152 4311 Aduenius
1165 4275 1235 4313 omo.
1245 4255 1319 4313 Aer]

246 4335 262 4383 ὁ
276 4329 370 4399 uepris
380 4330 521 4399 Gopaoiua
548 4331 615 4384 uitia
626 4331 755 4383 Muretus
810 4337 826 4384 6
840 4331 912 4383 redit
925 4331 981 4384 cod.
992 4349 1021 4396 73
1036 4344 1106 4382 omn.
1118 4355 1151 4374 =
1161 4325 1319 4398 A'(Aa)yB‘

170 4396 819 4471 (BO)D'(Dc)RF(pp)t'(tl)d'(dz)⁷r'(rrL)u‘(uo)

180 4540 182 4542 p
247 4472 283 4525 ad
301 4476 417 4526 uentum
438 4474 567 4526 Muretus

182 4543 184 4545 ’
246 4543 320 4596 124.
357 4543 561 4597 u.3oma's.R

1070 4631 1107 4684 2*
