3226 5238
644 377 698 470 W?
714 374 816 423 ro—se
1236 358 1302 450 235
1339 375 1345 384 ·

237 533 272 581 48
318 519 490 582 Reddiderit
513 523 650 581 iunctura
673 539 794 581 nouum.
840 522 866 580 si
889 522 966 581 forte
989 540 1112 583 necesse
1135 530 1194 602 est,

317 610 436 670 ludiciis
460 617 626 669 monstrare
649 608 821 670 recentibus
843 608 941 669 abdita
966 628 1080 692 rerum,

317 698 444 777 Fingere
469 700 608 758 cinctutis
632 716 692 758 non
715 697 851 759 exaudita
875 697 1013 776 Cethegis

318 786 475 865 Continget
498 786 675 865 dabiturque
698 787 817 846 licentia
841 794 957 865 sumpta
980 785 1135 865 pudenter.

239 886 272 934 52
318 875 356 936 Et
379 893 456 936 noua
480 875 606 953 fictaque
631 893 726 954 nuper
748 874 901 936 habebunt
924 874 1015 936 uerba
1039 875 1140 956 iidem,
1164 879 1190 937 si

317 963 429 1024 Graeco
454 964 535 1024 ionte
559 963 665 1024 cadent
687 981 799 1044 parce
799 963 924 1024 detorta.
971 963 1042 1042 quid
1065 924 1163 1025 auteln

318 1051 444 1112 Caecilio
467 1051 631 1130 Plautoque
655 1050 735 1112 dabit
758 1039 909 1112 Romanus
932 1051 1102 1130 ademptum

318 1139 445 1219 Vergilio
469 1137 637 1219 Varioque?
660 1159 714 1219 ego
739 1158 793 1200 cur
800 1140 989 1220 ,adquirere
1012 1160 1104 1220 pauca

239 1240 272 1289 86
319 1229 351 1289 Si
373 1247 509 1308 possum,
531 1229 681 1303 inuidcor,
704 1247 772 1290 cum
795 1187 894 1308 lingua
918 1228 1037 1290 Catonis
1061 1238 1091 1290 et
1113 1230 1190 1290 Enni

319 1319 494 1378 Sermonem
516 1319 646 1396 patrium
669 1316 809 1378 ditanerit
833 1327 863 1378 et
886 1336 962 1379 noua
987 1336 1089 1378 rerum

318 1407 441 1467 Nomina
464 1403 645 1486 protulerit?
668 1405 751 1466 licuit
775 1425 952 1485 semperque
975 1406 1076 1467 licebit

319 1496 473 1573 Signatum
495 1502 652 1573 praesente
676 1503 745 1554 nota
767 1495 934 1573 producere
958 1514 1075 1556 nomen.

239 1594 273 1641 60
319 1583 355 1644 Vt
378 1583 469 1644 siluae
493 1583 571 1643 loliis
593 1602 704 1661 pronos
729 1592 881 1644 mutantur
904 1586 935 1645 in
958 1602 1067 1666 annos,

317 1673 416 1732 Prima
439 1671 561 1732 cadunt:
583 1674 624 1732 ita
648 1672 810 1733 uerborum
833 1681 921 1732 nctus
944 1675 1047 1734 interit
1070 1681 1164 1755 aetas,

317 1761 355 1822 Et
378 1763 521 1821 iuuenum
545 1763 605 1822 ritu
627 1760 736 1820 llorent
758 1760 846 1821 modo
871 1769 938 1822 nata
962 1763 1133 1842 uigentque.

318 1850 466 1910 Debemur
489 1851 579 1909 morti
602 1868 657 1909 nos
680 1859 850 1928 nostraque.
896 1853 960 1910 siue
985 1859 1124 1930 receptus

240 1949 274 1998 64
318 1939 411 1998 Terra
433 1938 590 2016 Neptunus
614 1937 725 1998 classes
748 1938 943 2017 Aquilonibus
967 1948 1061 2019 arcet,

317 2028 406 2106 Regis
431 2045 505 2105 opus
530 2026 679 2086 sterilisue
701 2025 824 2105 *palus
847 2027 898 2087 diu
922 2036 1047 2105 aptaque
1071 2029 1162 2087 remis

317 2115 434 2176 Vicinas
457 2114 547 2175 urbes
571 2114 622 2174 alit
645 2123 675 2174 et
698 2133 788 2194 graue
813 2117 903 2176 sentit
926 2123 1071 2196 aratrum,

319 2205 377 2266 Seu
402 2221 524 2264 cursum
546 2205 673 2264 mutauit
695 2205 829 2282 iniquom
853 2203 988 2282 frugibus
1012 2206 1120 2284 amnis,

238 2304 272 2351 88
318 2293 429 2353 Doctus
452 2294 510 2352 iter
533 2291 655 2351 melius:
678 2291 812 2352 mortalia
836 2293 912 2352 iacta
934 2290 1089 2371 peribunt:

318 2381 434 2442 Nedum
458 2398 629 2440 sermonum
653 2388 712 2441 stet
734 2380 828 2440 bonos
853 2390 882 2441 et
905 2383 999 2460 gratia
1022 2383 1120 2442 uiuax.

319 2468 409 2531 Multa
433 2476 628 2530 renascentur
651 2487 726 2548 quae
750 2471 808 2528 iam
831 2469 979 2551 cecidere,
1003 2470 1167 2548 cadentque

318 2560 400 2630 Quae
423 2577 503 2619 nunc
528 2564 598 2619 sunt
621 2559 652 2617 in
674 2557 786 2618 honore
811 2557 967 2638 uocabula,
991 2560 1016 2619 si
1039 2558 1120 2618 uolet
1143 2577 1230 2638 usus,

239 2658 271 2706 aa
318 2648 413 2718 Quem
436 2666 528 2730 penes
551 2645 708 2707 arbitrium
731 2655 777 2706 est
800 2653 830 2706 et
853 2648 900 2706 ius
924 2655 954 2707 et
978 2661 1081 2708 norma
1104 2646 1252 2726 loquendi.

317 2737 377 2797 Res
400 2743 500 2815 gestae
523 2752 687 2813 regumque
711 2734 879 2814 ducumque
904 2743 934 2796 et
956 2737 1053 2797 tristia
1076 2735 1151 2795 bella

318 2825 383 2896 Quo
407 2823 498 2884 scribi
520 2832 643 2902 possent
666 2842 805 2905 numero,
827 2826 1005 2885 monstrauit
1028 2824 1184 2885 Homerus,

318 2912 460 2974 Versibus
483 2913 627 2992 inpariter
649 2914 759 2974 iunctis
782 2915 966 2992 querimonia
989 2916 1134 2993 primum,

240 3013 273 3062 tt
319 3002 390 3061 Post
413 3003 501 3062 ctiam
524 3000 638 3062 inclusa
661 3010 707 3061 est
730 3004 794 3061 uoti
817 2993 963 3062 sententia
987 3020 1121 3082 compos3

320 3090 393 3161 Quis
417 3097 516 3150 tamen
540 3092 662 3168 exiguos
686 3090 784 3169 elegos
808 3092 940 3151 emiserit
963 3099 1081 3170 auctor,
1116 3123 1120 3130 ·

319 3179 507 3239 Grammatici
531 3186 660 3258 certant,
683 3187 713 3238 et
731 3178 826 3238 adbuc
850 3177 906 3238 sub
928 3177 1027 3238 iudice
1050 3178 1086 3238 lis
1110 3183 1163 3238 est.

319 3266 528 3327 Archilochum
550 3269 672 3346 proprio
696 3265 793 3326 rabies
812 3268 937 3326 armauit
960 3265 1072 3326 iambo:

240 3367 274 3414 80
319 3356 405 3416 Hunc
430 3356 510 3415 socci
533 3373 640 3433 cepere
664 3354 769 3433 pedem
792 3353 978 3433 grandesque
1002 3356 1134 3436 coturni,

318 3444 447 3525 Alternis
471 3451 572 3522 aptum
596 3442 783 3503 sermonibus
806 3451 837 3504 et
859 3441 1011 3521 popularis

318 3532 491 3593 Vincentem
516 3533 658 3610 strepitus
682 3539 711 3591 et
734 3539 836 3591 natum
859 3531 950 3592 rebus
973 3531 1102 3611 agendis.

157 3672 373 3681 ———--—

375 3734 715 3827 catoniano
715 3737 800 3827 'itio
801 3735 897 3828 <ro
897 3735 1009 3826 (8)
1009 3736 1085 3826 (8)
1146 3739 1148 3744 “

230 3884 263 3933 49
278 3881 443 3951 monstrare]
458 3880 578 3934 formare
594 3880 650 3963 Pf.
677 3878 768 3934 forme
784 3878 855 3947 Pplr.
892 3895 984 3933 rerum
997 3894 1034 3932 cu·
1038 3879 1136 3932 ninid.
1144 3872 1180 3931 B'
1189 3879 1301 3948 florileg.

155 3949 335 4003 Nostradum.
376 3967 468 4004 rerum
487 3952 516 4005 88
533 3944 735 4019 vaFt'Mi‘nn
755 3955 833 4003 tract.
853 3949 935 4005 Vinci.
1009 3955 1042 4003 63
1066 3950 1169 4003 cedant
1187 3967 1220 4018 ap
1222 3969 1239 4002 8
1255 3948 1302 4030 Pf.

156 4021 238 4090 ploce.
250 4020 403 4075 FSernins
439 4021 615 4075 radenbcett.
635 4020 786 4088 Ppb.Acr.
858 4020 1045 4088 conceptum
1062 4016 1098 4072 Β
1171 3969 1220 4073 ὀὸγ
1224 4017 1302 4074 uario

157 4085 289 4159 ay'ffln
303 4092 369 4146 Aer.
410 4085 620 4145 uorovFl'ri‘n'
693 4096 726 4144 63
746 4090 886 4143 Debemur
899 4038 1139 4160 evapIiFim'inn'
1152 4090 1222 4158 Ppb
1233 4091 1302 4152 Aer.

158 4163 271 4231 florileg.
288 4162 380 4216 Pario.
395 4167 480 4217 8818ὓ
493 4167 518 4216 et
531 4160 708 4216 Nostrcdorn
744 4160 883 4214 Debemus
897 4107 933 4213 Β
942 4161 988 4228 Pf.
1061 4165 1094 4216 66
1109 4177 1143 4215 ue
1158 4107 1302 4230 cclviiino

158 4232 459 4301 Arentemque
486 4226 623 4286 Hm
652 4225 730 4300 Ppn!
756 4231 921 4285 Priscianus
948 4231 1064 4286 Seruius
1090 4232 1251 4286 Honoratus
1278 4237 1303 4285 ei

159 4303 275 4358 Sernins
289 4304 327 4357 nd
339 4251 424 4360 Aen.q
447 4303 495 4358 diu
508 4303 589 4372 palus
603 4319 673 4357 omn.
686 4302 731 4369 Pf.
743 4302 836 4356 Seruii
850 4318 919 4356 cons.
933 4303 1003 4371 Ppn
1014 4307 1093 4356 tentat
1093 4320 1128 4356 nr
1082 4303 1303 4356 Priscianus

195 4374 276 4443 palus
290 4374 337 4428 diu
357 4375 384 4428 I.
401 4375 443 4428 M.
459 4374 594 4428 68888888
666 4379 699 4427 ‘lo
718 4374 818 4440 incipit
831 4373 915 4427 cocle
991 4379 1023 4426 76
1037 4372 1145 4426 incluse
1159 4375 1202 4426 est
1215 4368 1300 4442 va'e

159 4448 185 4498 88
199 4447 359 4513 anglesei*
395 4445 511 4513 incluse,
526 4461 576 4499 orn.
592 4443 674 4498 estL
714 4443 778 4498 iuno
779 4446 810 4497 88
824 4439 905 4498 est'
879 4461 926 4515 ng
960 4438 1156 4498 innormis
1191 4443 1302 4498 iunctus

159 4514 290 4584 anprq
308 4531 339 4570 cr
357 4533 414 4572 non
431 4488 514 4588 liqnel
586 4532 612 4570 8.
633 4520 666 4572 79
685 4509 797 4571 onie'i
