3226 5238
292 371 357 435 234
704 387 750 434 nn
767 387 858 433 nuru
873 386 1022 434 ronrrca

454 535 511 594 Sed
536 552 615 594 nunc
639 551 697 592 non
722 541 785 593 erat
808 533 854 592 bis
877 531 968 592 locus.
1014 540 1044 592 et
1067 532 1192 591 tortasse
1216 548 1390 608 cupressum

372 637 406 684 20
452 623 517 683 Scis
540 621 692 683 simulare:
716 620 787 700 quid
810 621 880 702 boc,
903 623 929 681 si
952 622 1053 680 tractis
1077 627 1174 680 enatat
1196 637 1285 697 expes

451 711 596 792 Nauibus,
619 729 687 771 aere
711 710 778 770 dato
802 711 853 788 qui
876 706 1030 788 pingitur?
1052 709 1193 788 amphora
1215 709 1312 786 coepit

451 801 583 862 lustitui:
606 808 746 876 currente
770 807 835 858 rota
858 816 913 858 cur
936 817 1046 858 urceus
1069 793 1151 857 exit?

452 889 584 967 Denique
609 890 648 949 sit
670 887 789 966 quiduis
813 887 937 965 simplex
960 887 1111 947 dumtaxat
1134 895 1164 946 et
1186 904 1285 946 unum.

372 989 406 1036 at
451 977 574 1037 Maxima
598 994 666 1056 pars
689 983 805 1055 uatum,
828 983 912 1054 pater
935 983 966 1036 et
987 977 1113 1036 iuuenes
1136 982 1219 1053 patre
1242 973 1334 1053 digni,

452 1066 622 1145 Decipimur
645 1067 744 1144 specie
767 1065 856 1124 recti:
879 1063 981 1124 breuis
1004 1083 1069 1123 esse
1094 1062 1208 1144 laboro,

451 1153 605 1215 Obscurus
628 1156 680 1233 lio;
704 1160 866 1213 sectantem
889 1152 966 1213 leuia
990 1155 1076 1212 nerui

372 1236 378 1244 ’
451 1243 598 1303 Deficiunt
621 1244 782 1322 animique;
806 1242 959 1320 protessus
982 1240 1103 1320 grandia
1126 1249 1238 1319 turget3

371 1344 405 1391 28
427 1333 551 1412 ‘Serpit
573 1331 657 1392 humi
680 1339 762 1392 tutus
786 1332 909 1390 nimium
934 1329 1114 1408 timidusque
1137 1328 1294 1410 procellae3

451 1420 509 1492 Qui
533 1422 648 1480 trariare
673 1421 768 1498 cupit,
792 1437 855 1478 rem
879 1418 1081 1498 prodigialiter
1104 1435 1223 1498 unam,-

452 1508 628 1588 Delpbinum
647 1508 731 1568 siluis
754 1507 899 1586 admugit,
922 1505 1062 1567 lluctibus
1085 1525 1197 1585 aprum.

450 1598 483 1657 ln
508 1599 613 1657 uitium
638 1597 721 1656 ducit
744 1596 846 1675 culpae
871 1596 953 1676 luga,
977 1594 1103 1656 si'caret
1126 1604 1198 1655 arte.

371 1697 405 1744 32
451 1685 606 1746 Aemilium
630 1687 708 1745 circa
731 1684 833 1745 ludum
858 1683 940 1743 laber
962 1686 1040 1744 imus
1064 1691 1093 1742 ot
1116 1685 1224 1760 unguis

450 1773 604 1852 Exprimet
627 1781 657 1832 et
680 1772 775 1832 mollis
798 1772 963 1832 imitabitur
986 1791 1054 1832 aere
1078 1771 1212 1852 capillos

451 1861 555 1922 Infelix
578 1863 679 1941 operis
703 1879 831 1942 summa,
854 1863 922 1940 quia
945 1879 1057 1939 ponere
1081 1868 1176 1920 totum

451 1951 583 2011 Nesciet:
605 1950 685 2010 bunc
708 1968 763 2028 ego
786 1968 847 2030 me,
871 1950 968 2028 siquid
992 1967 1170 2029 componere
1193 1965 1309 2022 curem,

372 2052 406 2100 36
451 2039 517 2099 Non
541 2042 634 2118 magis
658 2057 722 2099 esse
747 2038 850 2119 uelim,
874 2056 961 2116 quam
984 2056 1056 2098 naso
1080 2040 1184 2098 uiuere
1203 2055 1309 2118 prauo,

452 2127 651 2207 Spectandum
676 2129 768 2206 nigris
792 2127 886 2188 oculis
910 2128 1053 2205 nigroque
1078 2125 1191 2205 capillo.

452 2217 566 2277 Sumite
590 2218 742 2276 materiam
765 2217 889 2297 uestris,
913 2218 964 2294 qui
988 2214 1132 2294 scribitis,
1156 2232 1277 2293 aequam

451 2305 570 2365 Viribus
593 2314 623 2365 et
646 2312 764 2365 uersate
788 2304 853 2385 diu,
876 2304 947 2382 quid
971 2305 1050 2364 ferre
1073 2311 1227 2382 recusent,

373 2405 407 2452 4ο
454 2393 530 2464 Quid
555 2393 673 2454 ualeant
695 2395 799 2453 umeri.
845 2395 894 2453 cui
917 2392 992 2452 lecta
1015 2400 1153 2471 potenter
1173 2393 1230 2451 erit
1252 2409 1313 2470 res,

450 2480 512 2541 Nec
536 2482 672 2542 facundia
695 2481 814 2542 deseret
836 2481 915 2541 bunc
939 2499 994 2541 nec
1018 2480 1133 2541 lucidus
1157 2479 1238 2541 ordo.

452 2569 572 2630 Ordinis
594 2570 667 2630 baec
690 2572 788 2630 uirtus
811 2572 869 2629 erit
892 2579 922 2629 et
945 2587 1056 2650 uenus,
1080 2576 1131 2629 aut
1154 2587 1208 2647 ego
1231 2567 1327 2648 fallor,

451 2656 488 2718 Vt
510 2661 568 2718 iam
592 2677 671 2719 nunc
694 2658 772 2719 dicat
795 2660 853 2718 iam
877 2675 955 2718 nunc
979 2657 1116 2718 debentia
1139 2657 1212 2738 dici,

371 2757 406 2804 44
450 2744 595 2824 Pleraque
618 2747 734 2807 dillerat
757 2755 787 2806 et
809 2764 951 2825 praesens
974 2749 1004 2807 in
1027 2755 1145 2825 tempus
1168 2747 1293 2824 omittat3

452 2832 515 2892 lloc
538 2843 629 2913 amet,
652 2834 708 2893 boc
731 2844 852 2912 spernat
875 2837 1013 2914 promissi
1037 2837 1175 2896 carminis
1199 2842 1309 2894 auctor.

452 2921 486 2982 ln
510 2920 610 2981 uerbis
634 2924 722 2982 etiam
745 2925 843 2983 tenuis
867 2931 1031 3002 cautusque
1055 2923 1189 2983 serendis

452 3009 567 3070 Dixeris
591 3012 722 3090 egregie,
746 3018 849 3071 notum
873 3014 898 3072 si
921 3011 1024 3071 callida
1048 3011 1173 3072 uerbum

504 3269 1216 3359 proruamur)stantarum)

292 3428 418 3482 Rhenum
436 3471 442 3482 .
463 3472 469 3484 .
490 3430 508 3482 .’
535 3425 645 3498 Porpb!
665 3447 736 3487 cona.
756 3429 820 3482 Acr.
844 3430 907 3482 item
929 3422 1014 3498 gerim
1035 3434 1162 3483 neutrum
1184 3434 1299 3483 testatur
1324 3428 1427 3495 Porpb.

294 3499 331 3551 ad
350 3515 371 3550 c.
390 3499 442 3550 Illl
460 3505 489 3562 4,
509 3505 542 3568 38
588 3503 637 3553 unt
659 3501 771 3569 pluuins
794 3495 966 3568 ava'RLu'
987 3500 1065 3567 Pors.
1086 3501 1123 3554 od
1145 3501 1339 3566 c.11114,38
1385 3500 1438 3552 nui

294 3567 395 3621 fluuius
413 3564 515 3622 Ft'd'rr
535 3569 638 3638 Porplt.
657 3573 694 3625 ad
712 3588 732 3625 c.
752 3571 808 3624 IIII
827 3575 855 3637 4,
874 3577 908 3624 38

366 3644 398 3692 19
427 3642 446 3693 fi
472 3643 507 3691 bd
535 3640 563 3692 B
612 3657 664 3694 neo
690 3658 745 3696 non
772 3644 831 3709 flor.
859 3642 953 3695 Noetu.
1039 3647 1073 3695 20
1103 3659 1187 3710 expes
1213 3637 1286 3695 B'tu
1335 3656 1433 3708 exspes

295 3709 509 3778 autnidan
550 3727 647 3778 expers
668 3707 759 3764 Ftd'rr
803 3727 915 3780 exspres
933 3713 970 3764 L1
1048 3718 1081 3765 23
1106 3711 1216 3780 quiduis
1234 3712 1324 3766 Bentl.
1367 3709 1437 3778 qnid

295 3779 338 3832 nis
351 3790 480 3862 nourry
516 3780 592 3848 quod
605 3782 648 3834 uis
662 3775 814 3849 va'Ft'u'
852 3782 969 3850 quoduis
984 3778 1085 3836 aRd'n'
1158 3789 1190 3836 31
1212 3780 1384 3904 culppdueit
1397 3797 1437 3848 cy

328 3849 407 3904 ducrt
425 3851 523 3918 culpae
542 3855 599 3905 cett.
614 3868 685 3906 cons.
700 3853 812 3921 florilep.
826 3853 1002 3907 Nostradam.
1075 3859 1109 3906 32
1128 3871 1198 3907 unns
1216 3855 1265 3922 <by
1307 3853 1328 3919 f.
1364 3851 1438 3904 imus

295 3925 352 3974 cett.
373 3921 444 3989 Ppb.
465 3921 565 3990 Porpb.
584 3923 671 3976 Acr-
722 3928 756 3977 35
776 3926 887 3992 egomet
904 3919 975 3977 Fac
1047 3930 1081 3978 36
1100 3923 1199 3995 prauo]
1219 3940 1306 3992 paruo
1320 3926 1334 3976 t
1341 3939 1386 3990 pr.
1397 3923 1437 3974 dn

365 3997 398 4044 37
413 3991 528 4060 nigroue
541 3987 577 4044 B'
614 3992 749 4062 nigroque
763 3999 820 4048 cett.
832 3994 896 4048 Aer.
969 4000 1002 4047 41
1018 3995 1139 4064 deseret]
1155 3994 1259 4049 deserit
1271 3993 1315 4048 vL
1324 3993 1437 4061 donlep.

295 4112 470 4170 murtenam.
529 4111 901 4186 reaucapm'rpulacr.
933 4118 1073 4186 mutem
1104 4112 1290 4185 nauanpru
1320 4081 1400 4169 halt

295 4203 388 4289 luat
477 4243 510 4290 43
543 4237 582 4290 vt
613 4234 756 4306 ayvn'nrv
811 4239 867 4292 Aut
899 4236 998 4294 meu
1059 4246 1123 4308 post
1155 4240 1232 4295 areat
1262 4239 1439 4308 subpono

294 4305 402 4371 Beutt.;
422 4309 544 4376 plerique
567 4323 627 4361 cum
645 4309 780 4362 Lambiuo
798 4315 862 4378 post
888 4311 943 4364 dici
962 4311 1132 4380 ducinpcnt;
1156 4313 1232 4366 codd.
1251 4313 1367 4365 uariant

296 4391 323 4430 u.
347 4380 381 4429 45
402 4384 465 4443 poet
487 4395 514 4431 c.
538 4383 572 4431 46
591 4384 702 4446 ponunt
723 4380 865 4434 Bentler'ue
887 4386 912 4434 et
929 4387 994 4450 poet
1016 4383 1088 4436 baone
1108 4383 1243 4450 plerique,
1268 4385 1441 4450 repugnante

297 4443 544 4584 Spsessgreffcflwl'
555 4448 645 4502 XVlll
655 4456 688 4504 96
703 4455 727 4504 et
736 4466 798 4519 opp.
809 4451 873 4506 Aer.
884 4456 992 4506 bonet.
1008 4452 1159 4508 Vindobou.
1230 4457 1263 4505 45
1279 4452 1392 4522 spernet
1400 4447 1437 4504 Η
