3226 5238
775 392 1017 439 Erlsrvbnnvrr

865 592 919 652 llll

479 715 558 795 nihi,
582 725 752 778 nostrorum
776 735 947 776 sermonum
971 715 1094 776 candide
1118 715 1220 798 iudex,
1300 721 1303 726 “

479 804 557 875 Quid
581 823 659 865 nunc
684 815 712 865 te
736 804 832 865 dicam
855 806 952 865 lacere
976 807 1006 864 in
1031 807 1151 882 regione
1174 803 1315 866 Pedana?

480 893 617 952 Scribere
642 895 721 972 quod
745 893 827 954 Cassi
849 893 1019 954 Parmensis
1042 893 1183 972 opuscula
1208 898 1321 975 uincet,

417 994 434 1040 4
479 982 523 1041 An
547 984 669 1043 tacitum
693 981 783 1042 siluas
806 984 884 1042 inter
908 990 1024 1062 reptare
1049 981 1189 1062 salubris,

480 1069 638 1130 Curantem
663 1069 803 1149 quicquid
827 1070 949 1148 dignum
972 1073 1103 1150 sapiente
1127 1070 1264 1149 bonoque
1288 1068 1355 1132 est?

457 1158 544 1230 ‚Non
568 1166 600 1220 tu
625 1178 734 1238 corpus
757 1177 824 1218 eras
848 1162 911 1220 sinc
934 1168 1070 1238 pectore:
1093 1158 1122 1218 di
1146 1159 1199 1219 tibi
1213 1161 1361 1246 ⁸sormam,

481 1246 514 1306 lli
539 1246 592 1306 tibi
616 1247 736 1308 diuitias
760 1247 907 1309 dederunt
930 1257 1083 1326 artemque
1107 1249 1232 1308 fruendi.

418 1349 433 1396 8
480 1334 557 1404 Quid
582 1345 691 1396 uoueat
714 1336 794 1396 dulci
817 1335 965 1398 nutricula
988 1338 1083 1396 maius
1106 1336 1238 1416 alumno,

480 1423 538 1494 Qui
561 1428 664 1503 sep'ere
689 1433 719 1484 et
743 1425 798 1484 lari
821 1427 916 1504 possit
939 1443 1013 1504 quac
1038 1427 1158 1506 sentiat,
1182 1433 1212 1485 et
1234 1426 1282 1484 cui

480 1511 594 1592 Gratia,
618 1514 706 1594 lama,
730 1512 868 1573 ualetudo
892 1515 1042 1592 contingat
1065 1512 1195 1592 abunde,

480 1599 519 1659 Et
542 1601 670 1661 mundus
694 1603 807 1682 uictus,
830 1620 889 1661 nou
913 1601 1068 1662 deficiente
1092 1598 1248 1662 crumina?

404 1702 443 1748 rr
482 1687 564 1748 luter
588 1708 671 1769 spem
695 1708 869 1769 curamque,
893 1692 1015 1750 timores
1038 1692 1117 1750 inter
1141 1699 1171 1750 ct
1193 1693 1252 1750 iras

481 1776 606 1837 Omnem
630 1777 719 1838 crede
742 1778 820 1838 diem
843 1778 898 1838 tibi
921 1778 1060 1840 diluxisse
1085 1796 1270 1857 supremum:

481 1865 569 1927 Grata
594 1869 787 1946 superueniet
810 1885 884 1945 quae
908 1885 968 1926 non
992 1866 1160 1946 sperabitur
1183 1867 1264 1926 lrora.
1367 1908 1373 1920 ι

481 1954 527 2012 Me
550 1957 690 2033 pinguem
714 1965 744 2016 et
767 1955 893 2017 nitidum
915 1955 992 2015 benc
1016 1963 1118 2015 curata
1141 1965 1209 2017 cute
1233 1957 1326 2034 uises,

405 2056 436 2102 ro
483 2042 557 2102 Cum
580 2043 678 2103 ridere
702 2043 785 2105 uoles
808 2043 930 2123 Epicuri
953 2043 990 2103 de
1013 2063 1102 2123 grege
1126 2062 1258 2123 porcum.

884 2451 907 2509 V

483 2576 515 2635 Si
538 2585 631 2655 potes
646 2575 797 2636 Archiacis
821 2577 947 2635 conuiua
972 2574 1146 2636 recumbere
1170 2574 1254 2634 lectis

483 2664 544 2723 Nec
569 2664 681 2724 modica
704 2683 811 2724 cenare
834 2667 921 2724 times
946 2663 1031 2724 bolus
1054 2682 1141 2724 omne
1165 2663 1284 2743 patella,

484 2752 630 2830 Supremo
653 2760 682 2813 te
706 2752 767 2813 sole
791 2752 883 2832 domi,
906 2752 1068 2834 Torquate,
1093 2752 1225 2812 manebo.
1278 2754 1280 2758 ’

380 2893 382 2898 .
421 2854 438 2901 4
485 2839 557 2900 Vina
580 2839 664 2900 bibes
687 2843 795 2902 iterum
819 2841 917 2901 Tauro
942 2841 1047 2902 dillusa
1070 2841 1210 2920 palustris

483 2928 564 2988 luter
587 2928 751 2989 Minturnas
775 2930 1047 3008 Sinuessanumque
1071 2929 1241 2989 Petrinum:

483 3017 515 3076 Si
539 3017 643 3077 melius
667 3018 737 3096 quid
760 3016 865 3098 habes,
887 3037 1019 3098 arcesse,
1043 3018 1098 3078 uel
1114 3020 1271 3097 imperium
1298 3018 1350 3076 ier.

481 3104 655 3166 Iamdudum
679 3106 814 3185 splendet
837 3108 921 3166 locus
945 3115 975 3166 ct
999 3106 1053 3186 tibi
1077 3107 1187 3166 mundo
1208 3103 1349 3184 supellex.

421 3209 437 3254 8
483 3194 565 3254 lllittc
588 3193 664 3254 leuis
688 3213 756 3274 spes
779 3203 810 3255 et
832 3197 993 3255 certamina
1016 3195 1188 3255 diuitiarum

481 3282 520 3342 Ilt
543 3281 656 3344 Moschi
679 3301 811 3343 causam:
834 3301 900 3343 cras
923 3291 992 3344 nato
1016 3283 1140 3344 Caesare
1164 3284 1258 3342 lestus

482 3371 538 3430 llat
560 3373 677 3431 ueniam
701 3390 896 3449 somnumque
920 3371 997 3451 dies,
1021 3374 1132 3451 inpune
1155 3370 1256 3431 licebit

482 3460 633 3519 destinam
657 3478 794 3520 sermone
817 3459 946 3538 benigno
969 3460 1093 3520 tendere
1116 3468 1241 3521 noctem.

406 3560 438 3607 12
485 3547 550 3618 Quo
574 3548 646 3607 mibi
669 3548 832 3627 fortunam,
856 3549 963 3608 sinon
988 3547 1162 3609 conceditur
1185 3544 1251 3608 uti?

485 3634 596 3696 Parcus
620 3635 658 3696 ob
681 3636 800 3696 heredis
823 3654 926 3696 curam
948 3639 1130 3716 nimiumque
1156 3654 1280 3696 seuerus

565 3840 1228 3931 nummumque(coelun

346 4003 350 4010 ·
399 3983 455 4041 14.
493 3985 659 4051 bbonoqua
682 3979 904 4052 A‘EpFl'd'va
949 3984 1108 4052 bonumque
1130 3983 1215 4052 yona
1292 3988 1307 4036 7
1337 3982 1478 4036 dederunt

328 4049 542 4122 Apameam
564 4056 644 4109 schol.
660 4055 809 4122 Pylaeus
855 4054 992 4109 dederant
1013 4054 1103 4123 2:pr
1182 4060 1198 4108 9
1227 4053 1281 4118 Qui
1304 4049 1477 4122 ERpt'd'su

364 4124 436 4188 Quin
468 4119 590 4193 A'pptpL
640 4125 728 4190 Quam
761 4141 793 4179 vv
846 4125 914 4180 ‘niso‘
940 4125 982 4179 ut'
1010 4126 1089 4194 gloss.
1106 4128 1131 4178 Γ
1219 4130 1251 4179 11
1285 4125 1322 4178 Et
1353 4124 1477 4178 mundus

1005 4227 1011 4240 .
1159 4209 1175 4236 n

328 4244 501 4317 A'vapRL
527 4247 564 4300 Et
573 4248 671 4301 modus
680 4249 711 4302 et
719 4242 798 4302 Fra
801 4255 920 4316 sperno
928 4249 1045 4317 pioecl'
1070 4248 1240 4302 Ebmuduse
1306 4251 1478 4308 resumeres

328 4319 400 4372 inter
424 4318 544 4372 obirem
569 4318 599 4370 E
615 4334 678 4386 opp.
697 4323 755 4372 cett.
832 4336 858 4373 u.
881 4326 914 4372 14
936 4320 1062 4388 omisitq
1135 4324 1168 4372 14
1191 4319 1386 4387 superueniret
1406 4320 1478 4372 Aha

329 4403 390 4454 opp.
401 4392 458 4441 cett.
468 4389 580 4456 florileg.
590 4389 766 4444 Nostrodam.
832 4396 864 4443 15
880 4392 997 4444 curuata
1006 4391 1048 4443 zm
1111 4406 1138 4444 u.
1151 4396 1183 4444 16
1189 4405 1260 4458 pars
1268 4406 1326 4443 non
1334 4393 1410 4446 extat
1418 4391 1454 4442 in
1465 4409 1478 4443 ε

400 4459 456 4511 Io.
498 4458 655 4526 dpalusbn'
677 4454 759 4512 A'rn
836 4463 1039 4515 omentumas
1063 4459 1127 4528 oqR
1172 4462 1350 4514 menelnrnus
1373 4459 1401 4512 A

330 4533 346 4580 6
370 4527 490 4595 arcesse]
510 4543 618 4581 accerse
637 4528 682 4580 Ec
754 4536 786 4582 12
811 4531 949 4585 fortunam
969 4525 1254 4600 A'v(e?)EqFt'd'su'·
1280 4531 1393 4585 fortuna
1412 4531 1479 4598 pRc
