3264 5238
824 407 1004 454 CARMINVM

411 546 415 553 ’
505 554 678 614 Crederem:
702 554 753 612 sed
778 561 809 612 tu
834 553 921 613 simul
944 553 1080 631 obligasti

505 642 655 703 Perfidum
677 643 755 702 uotis
780 650 884 722 caput,
907 643 1047 702 enitescis

505 730 662 791 Pulchrior
686 730 777 790 multo
801 733 1005 810 iuuenumque
1027 730 1130 810 prodis

444 833 459 879 8
549 819 670 880 Publica
694 837 773 879 cura.
1081 891 1084 900 Ι

505 908 631 988 Expedit
655 911 757 968 matris
781 911 897 969 cineres
921 916 1040 988 opertos

505 997 617 1058 Fallere
642 1005 672 1056 et
695 1005 758 1056 toto
783 1000 928 1058 taciturna
952 1001 1049 1059 noctis

505 1086 594 1165 Signa
618 1105 686 1146 cum
709 1085 789 1146 caelo
813 1086 967 1166 gelidaque
992 1087 1077 1147 diuos

429 1189 460 1236 12
550 1175 644 1235 ltlorte
669 1177 805 1244 carentis.

505 1263 593 1324 Ridet
615 1263 686 1344 hoc,
709 1266 842 1342 inquam,
866 1263 965 1325 Venus
988 1267 1066 1343 ipsa,
1089 1264 1187 1325 rident

506 1352 661 1431 Simplices
685 1352 847 1431 Nymphae,
871 1353 953 1412 ierus
977 1362 1007 1413 et
1031 1353 1144 1432 Cupido
1222 1381 1229 1394 ·

506 1441 630 1520 Semper
653 1442 784 1501 ardentis
808 1460 918 1501 acuens
941 1445 1063 1521 sagittas

428 1545 460 1592 1ss
551 1530 622 1590 Cote
646 1539 778 1590 cruenta.

505 1619 585 1678 Adde
610 1618 689 1697 quod
713 1618 807 1698 pubes
830 1617 884 1679 tibi
908 1621 1018 1680 crescit
1040 1621 1150 1698 omnis,

504 1708 642 1768 Seruitus
665 1710 773 1768 crescit
797 1726 887 1788 noua,
911 1726 966 1768 nec
989 1711 1105 1787 priores

503 1796 612 1875 lmpiae
636 1805 748 1857 tectum
772 1796 906 1856 dominae
931 1796 1083 1876 relinqunt

428 1899 461 1946 20
553 1884 646 1965 Saepe
670 1888 781 1946 minati.

504 1974 546 2034 Te
571 1977 632 2034 suis
656 1983 766 2034 matres
790 1981 928 2034 metuunt
950 1976 1101 2057 iuuenciS,

504 2064 546 2122 Te
571 2083 658 2124 senes
681 2066 763 2144 parci
785 2066 971 2142 miseraeque
996 2082 1092 2142 nuper

504 2151 639 2230 Virgines
663 2161 788 2233 nuptae,
812 2162 862 2213 tna
886 2171 923 2212 ne
948 2152 1079 2213 retardet

427 2253 461 2300 21
551 2245 629 2303 Aura
653 2245 782 2302 maritos.

811 2374 1023 2382 ————-.-

877 2490 956 2551 Vllll

503 2599 569 2660 Non
593 2618 711 2678 semper
734 2599 846 2660 imbres
870 2598 1000 2660 nubibus
1023 2598 1155 2678 hispidos
1244 2639 1247 2644 -

504 2688 623 2748 Manent
646 2691 676 2748 in
700 2706 786 2766 agros
809 2696 861 2749 aut
884 2705 964 2748 mare
990 2687 1128 2767 Caspium

550 2775 662 2836 Vexant
684 2777 854 2855 inaequales
877 2776 1023 2856 procellae

444 2879 462 2924 4
595 2863 709 2945 Vsque,
733 2884 788 2925 nec
812 2866 959 2925 Armeniis
982 2868 1013 2925 in
1036 2867 1112 2942 oris,
1167 2909 1173 2916 ,

504 2955 604 3014 Amice
628 2953 724 3035 Valgi,
748 2961 805 3014 stat
828 2954 936 3033 glacies
959 2956 1040 3014 iners

504 3043 621 3102 Menses
645 3062 699 3122 per
723 3045 819 3104 omnis
842 3051 893 3103 aut
916 3041 1111 3120 Aquilonibus

552 3130 724 3210 Querqueta
748 3131 875 3210 Gargani
897 3130 1031 3191 laborant

445 3233 461 3280 8
596 3219 633 3280 Et
658 3221 735 3281 loliis
758 3220 920 3280 uiduanlur
943 3224 1022 3280 orni:

504 3307 550 3369 Tu
574 3328 692 3389 semper
715 3329 804 3388 urges
828 3308 976 3369 ilebilibus
1000 3308 1094 3368 modis

505 3398 620 3476 Mysten
644 3398 828 3478 ademptum,
851 3416 906 3458 nec
930 3396 983 3456 tibi
1007 3396 1137 3475 Vespero

551 3485 697 3565 Surgente
721 3488 869 3548 decedunt
892 3504 1007 3546 amores

428 3587 460 3634 12
595 3574 657 3635 Nec
680 3575 816 3655 rapidum
839 3577 971 3654 fugiente
995 3573 1095 3633 solem.

506 3663 543 3722 At
566 3682 625 3722 non
649 3670 695 3723 ter
720 3682 793 3724 acuo
818 3664 938 3724 iunctus
963 3661 1116 3722 amabilem

507 3749 640 3812 Plorauit
663 3755 758 3812 omnis
781 3751 969 3812 Antilochum
994 3769 1085 3811 senex

537 3840 665 3919 Annos,
689 3860 744 3900 nec
768 3840 909 3920 inpubem
933 3839 1073 3919 parentes

429 3941 461 3988 16
596 3928 717 3989 Troilon
741 3938 792 3989 aut
813 3929 957 4008 Phrygiae
982 3946 1101 3988 sorores

505 4016 631 4077 Fleuere
655 4036 781 4096 semper.
805 4019 907 4077 desine
931 4017 1063 4076 mollium

505 4105 637 4166 Tandem
661 4106 873 4186 querellarum,
898 4112 927 4166 et
950 4108 1049 4184 potius
1072 4123 1149 4165 noua

347 4227 559 4241 .........-..-,......

397 4295 400 4300 ’
467 4290 1371 4383 eqoa)yn(ec)n‘(nqnn<ap)roqamnemque)

418 4397 444 4452 ll
459 4405 484 4452 9.
518 4404 551 4452 10
570 4401 679 4466 Mysten
698 4397 820 4454 aD'Frrv
857 4400 977 4468 Myslem
991 4399 1130 4454 Belesi
1167 4398 1269 4452 Mision
1282 4395 1420 4467 pB'za'Io

349 4476 380 4524 11
413 4470 517 4553 cedunt
543 4466 665 4523 D'ann
722 4472 857 4524 recedunt
883 4471 940 4522 Lda
989 4469 1121 4524 decidunt
1148 4488 1164 4537 γ
1241 4486 1282 4552 ,²⁴¹
1308 4476 1340 4523 17
1369 4471 1437 4523 redit
1459 4489 1488 4538 νς
1561 4487 1565 4496 ·

347 4558 417 4595 omn.
434 4565 467 4586 =
482 4539 509 4591 A
520 4536 1306 4610 (AallvB'(BUW(DleFlnalll'illld'ldtlr'brselw(²⁴¹²)
1599 4569 1600 4574 ¹
