3226 5238
587 336 654 382 nm.
670 335 711 401 11,
727 333 755 401 1,
772 333 909 384 1oa-2er

237 493 288 542 232
335 480 443 541 Gratus
468 479 632 541 Alexandro
656 483 720 559 regi
743 499 847 559 magno
873 481 929 541 luit
951 479 1000 540 ille

334 568 505 649 ChoeriloS,
527 569 647 630 incultis
671 572 722 648 qui
745 569 884 630 uersibus
908 578 938 629 et
962 568 1035 628 male
1060 570 1137 628 natis

333 657 459 718 Rettulit
482 665 633 737 acceptos,
656 657 753 736 regale
777 659 934 737 nomisma,
956 656 1113 736 philippos,

335 746 392 807 Sed
417 746 511 808 ueluti
534 754 658 806 tractata
681 754 783 806 notam
806 745 960 825 labemque
984 748 1140 806 remittunt

238 847 289 894 236
335 835 521 915 Atramenta,
545 836 607 895 lere
632 837 793 914 scriptores
817 837 947 895 carmine
971 834 1057 894 loedo

336 923 494 1002 Splendida
518 924 592 983 lacta
615 923 721 984 linunt.
768 923 846 983 idem
869 942 922 983 rex
944 922 1009 1002 ille,
1033 940 1137 1002 poema

335 1012 392 1082 Qui
415 1020 476 1073 tam
499 1012 657 1073 ridiculum
681 1021 740 1072 tam
764 1031 831 1072 care
854 1011 997 1091 prodigus
1021 1013 1107 1092 emit,

334 1100 439 1162 Edicto
464 1104 573 1176 uetuit,
597 1103 703 1179 nequis
727 1119 758 1160 se
782 1107 901 1179 praeter
925 1099 1046 1179 Apellen

237 1200 289 1249 240
335 1189 474 1268 Pingeret
498 1197 548 1250 aut
572 1190 645 1250 alius
669 1189 796 1269 Lysippo
821 1189 945 1250 duceret
968 1207 1035 1248 aera

335 1277 433 1338 Fortis
457 1278 615 1339 Alexandri
638 1277 753 1338 uoltum
777 1278 952 1338 simulantia.
999 1275 1106 1355 quodsi

335 1366 482 1427 Iudicium
506 1366 614 1427 subtile
639 1367 775 1427 uidendis
799 1365 913 1426 artibus
936 1364 1007 1426 illud

334 1454 378 1515 Ad
401 1455 492 1515 libros
517 1463 546 1515 et
570 1455 604 1515 ad
628 1455 701 1515 baec
724 1455 875 1515 Musarum
899 1456 975 1516 dona
998 1472 1138 1535 uocares,

237 1554 289 1601 244
334 1542 479 1604 Boeotum
502 1546 532 1604 in
557 1562 658 1604 crasso
681 1546 796 1604 iurares
820 1562 888 1604 aere
912 1550 1021 1603 natum.

334 1632 370 1692 At
392 1651 490 1715 neque
515 1632 693 1693 dedecorant
716 1639 766 1693 tua
790 1631 825 1692 de
850 1651 881 1692 se
904 1631 1013 1691 iudicia
1038 1639 1125 1711 atque

333 1721 469 1801 Munera,
493 1739 568 1800 quae
593 1721 683 1781 multa
707 1720 803 1782 dantis
827 1739 896 1781 cnm
918 1718 1003 1780 lande
1028 1720 1162 1782 43103334

334 1808 439 1869 11110041
463 1809 517 1869 tibi
540 1809 687 1888 Vergilius
710 1807 875 1888 Variusque
898 1816 1017 1889 poetae,

236 1907 288 1956 248
334 1897 395 1957 Νο0
418 1900 511 1976 magis
534 1900 667 1977 expressi
690 1898 789 1959 uoltus
811 1917 866 1977 per
889 1915 979 1957 30303
1004 1899 1099 1978 signa,

334 1986 429 2056 Quam
452 2005 506 2064 per
530 1989 606 2047 33413
630 2005 705 2065 opus
729 2005 827 2046 mores
851 1987 1000 2063 animique
1023 1987 1159 2047 uirorum

334 2073 488 2134 Clarorum
512 2081 662 2154 apparent.
708 2093 763 2134 nec
788 2092 941 2134 sermones
965 2092 1018 2151 ego
1043 2074 1159 2134 mallem

333 2162 479 2242 Repentis
498 2182 553 2242 per
576 2163 700 2223 humum
723 2181 810 2241 quam
835 2181 884 2222 res
908 2180 1086 2240 componere
1110 2171 1220 2243 gestas,

237 2261 288 2309 262
334 2250 554 2330 Terrarumque
578 2253 654 2311 situs
678 2259 707 2311 et
730 2251 851 2311 llumina
874 2250 975 2311 dicere
999 2257 1029 2310 et
1052 2268 1137 2311 arces

332 2339 483 2400 Montibus
506 2341 658 2418 impositas
682 2347 711 2400 et
733 2339 859 2399 barbara
881 2357 973 2418 regna
995 2341 1114 2417 tuisque

334 2428 481 2507 Auspiciis
504 2436 601 2489 totum
624 2429 759 2488 conlecta
781 2427 878 2488 duella
901 2447 955 2507 per
979 2427 1097 2508 orbem,

334 2515 527 2595 claustraque
553 2517 706 2576 custodem
729 2519 810 2595 pacis
834 2515 1001 2577 cohibentia
1024 2516 1128 2576 lanum

238 2615 289 2664 246
334 2603 373 2664 Et
396 2605 581 2666 formidatam
604 2605 722 2665 Parthis
746 2613 775 2665 te
799 2607 933 2684 principe
956 2604 1094 2685 Romam,

335 2693 377 2773 Si,
395 2703 539 2773 quantum
558 2713 708 2775 cuperem,
726 2711 845 2772 possem
864 2712 996 2774 qnoque,
1015 2693 1067 2754 sed
1082 2711 1179 2772 neque
1194 2713 1318 2773 paruom

334 2781 460 2842 Carmen
483 2785 621 2843 maiestas
644 2784 751 2861 recipit
773 2791 838 2864 tua,
861 2801 917 2843 nec
940 2801 1025 2843 meus
1048 2783 1137 2843 audet

333 2869 408 2930 Rem
431 2877 575 2950 temptare
599 2871 709 2952 pudor,
733 2889 822 2949 quam
845 2873 926 2931 uires
949 2873 1028 2932 10330
1052 2880 1200 2932 recusent.

237 2969 289 3018 260
336 2957 483 3020 Sedulitas
507 2968 605 3020 autem
629 2959 732 3040 stulte,
757 2978 846 3039 quem
870 2958 977 3040 diligit,
1000 2968 1100 3040 urget,

333 3047 496 3126 Praecipue
521 3067 589 3108 cum
613 3067 644 3108 se
668 3050 800 3108 numeris
824 3047 1011 3108 commendat
1034 3055 1063 3106 et
1086 3055 1162 3108 arte:

334 3134 426 3196 Discit
450 3138 530 3196 enim
553 3138 641 3196 cilius
664 3138 858 3214 meminitque
882 3135 1022 3195 libentius
1045 3134 1117 3195 illud
1186 3193 1187 3198 ,

335 3223 421 3293 Quod
445 3227 512 3302 quis
536 3225 664 3305 deridet,
688 3242 775 3303 quam
799 3224 878 3302 quod
900 3223 1007 3302 probat
1030 3230 1060 3282 et
1083 3231 1255 3284 ueneratur.

238 3323 290 3371 264
335 3311 382 3372 Nil
406 3330 507 3372 moror
531 3313 661 3373 oliicium
684 3313 764 3391 quod
787 3329 834 3372 me
858 3319 975 3392 grauat,
999 3330 1032 3371 ac
1056 3330 1153 3390 neque
1177 3313 1246 3373 ficto

333 3400 367 3460 ln
390 3403 476 3481 peius
499 3401 583 3462 uoltu
605 3403 733 3480 proponi
756 3419 862 3461 cereus
885 3418 1011 3479 usquam

334 3488 395 3549 Nec
418 3507 510 3568 praue
535 3490 619 3550 iactis
643 3490 779 3550 decorari
801 3488 940 3549 uersibus
964 3496 1047 3567 opto:

334 3577 378 3636 Ne
402 3577 524 3638 rubeam
547 3580 651 3657 pingui
674 3577 800 3639 donatus
823 3596 947 3639 munere
972 3586 1002 3639 et
1024 3595 1083 3637 una

503 3854 991 3946 octouororo'mr

247 4017 298 4066 233
319 4010 462 4066 Choerilus
480 4028 530 4081 ops
568 4012 693 4067 Oberilus
711 4030 744 4081 po
781 4013 933 4068 Choerulns
947 4012 978 4065 E
1013 4011 1156 4067 Choerilos
1173 4008 1316 4068 RFt'olzu'

175 4095 319 4172 0130031113
332 4118 437 4173 moze
501 4123 551 4171 239
566 4117 687 4186 apellem
697 4117 741 4172 Ro
774 4119 945 4191 apellentsll
978 4119 1135 4189 appellenq
1166 4117 1319 4190 apellensll

176 4189 289 4257 opeMen
312 4193 370 4242 cett.
447 4194 500 4242 244
522 4188 660 4243 Boeotum
682 4207 716 4257 oy
752 4189 871 4244 Boetnm
889 4194 947 4244 cett.
1020 4195 1071 4243 244
1095 4189 1189 4242 333133
1208 4187 1318 4256 oyEpR

177 4260 279 4328 Porpb.
317 4275 400 4312 uerus
414 4254 654 4325 Ft'daerc'oPorf.
717 4260 1112 4328 iodeobhoeuersudedeiiyr
1181 4265 1232 4313 248
1247 4259 1317 4314 uult.

176 4346 246 4385 omn.
320 4335 370 4384 249
389 4331 530 4400 30033034]
549 4329 722 4384 3003333413
813 4349 861 4385 uu.
876 4336 1017 4385 261-210
1035 4332 1067 4385 10
1082 4349 1095 4384 a
1115 4331 1318 4384 013013αο3οη4

171 4406 267 4469 portes
288 4402 385 4467 fientes
462 4406 512 4454 262
538 4401 628 4454 Discit
645 4401 673 4454 11
741 4401 790 4455 icit
814 4403 875 4470 lpr.
897 4402 967 4470 Pph.
1009 4401 1100 4456 Discit
1122 4406 1179 4455 cett.
1205 4397 1316 4470 Porph'

175 4488 247 4526 0003.
269 4470 316 4539 Pf.
389 4477 440 4527 264
463 4473 523 4527 Nec
541 4471 572 4524 E
610 4471 653 4526 Ne
672 4476 729 4526 cett.
750 4468 829 4541 Ppo!
847 4469 958 4542 Porph'

229 4579 359 4612 nonnrrvs.
416 4615 418 4628 ,
1074 4567 1104 4616 15
