3264 5238
776 367 969 448 ‘onuuruvu

469 545 612 627 Vocibus,
636 565 761 626 regnum
784 553 814 606 et
837 545 971 606 diadema
995 555 1092 608 tutum

468 634 610 694 [telerens
634 638 686 696 uni
708 637 919 714 propriamque
943 635 1072 716 laurum,

468 723 609 802 Quisquis
632 727 761 802 ingentis
785 723 870 785 oculo
895 727 1040 786 inretorto

318 845 323 854 ι
388 824 422 871 24
515 812 634 890 Spectat
658 831 790 873 aceruos.

774 953 987 962 Ἣ

862 1043 902 1104 111

466 1152 597 1230 Aequam
621 1160 769 1213 memento
792 1149 883 1211 rebus
907 1153 937 1210 in
961 1151 1062 1212 arduis
1108 1155 1117 1164 ²

467 1239 595 1302 Seruare
620 1250 762 1320 mentem,
787 1258 846 1300 non
870 1258 957 1302 secus
980 1243 1011 1300 in
1034 1240 1121 1302 honis

512 1330 556 1389 Ab
579 1330 936 1408 insolenti.temperatam

405 1428 421 1476 4
556 1419 691 1500 Laetitia,
716 1420 860 1479 moriture
884 1417 971 1498 Delli,

467 1508 526 1568 Seu
551 1517 680 1568 maestus
704 1509 784 1568 ornni
808 1515 941 1586 tempore
966 1509 1092 1589 uixeris,

467 1597 526 1657 Seu
550 1607 579 1658 te
603 1600 633 1656 in
657 1605 772 1658 remoto
796 1598 927 1675 gramine
950 1615 1005 1676 per
1028 1597 1092 1657 dies

510 1685 613 1746 Festos
641 1686 815 1746 reclinatum
839 1682 937 1744 bearis

404 1784 420 1832 8
555 1774 700 1835 interiore
726 1782 793 1835 nota
816 1772 941 1833 Falerni.

468 1863 534 1933 ero
557 1867 646 1943 pinus
669 1866 774 1942 ingens
798 1861 921 1940 albaque
945 1863 1072 1942 populus

467 1951 605 2012 Vmbram
629 1951 806 2032 hospitalem
831 1953 1001 2011 consociare
1026 1960 1125 2012 amant

510 2038 632 2101 Remis?
655 2041 726 2120 quid
749 2039 869 2118 obliquo
894 2038 1007 2100 laborat

388 2139 419 2186 12
555 2130 685 2210 Lympha
709 2130 796 2209 lugan
820 2126 969 2206 trepidare
993 2127 1081 2190 rino?

466 2217 531 2278 Huc
555 2221 625 2280 uina
648 2227 678 2280 et
701 2226 852 2297 unguenta
877 2223 907 2276 et
929 2220 1054 2279 nimium
1077 2218 1179 2280 breuis

465 2306 568 2369 Floras
591 2326 730 2368 amoenae
754 2309 834 2368 lerre
857 2304 926 2368 iube
950 2325 1049 2389 rosae,

509 2396 586 2457 Ilum
609 2417 657 2458 res
682 2407 712 2458 et
734 2406 815 2458 aetas
839 2404 869 2456 et
892 2413 1029 2456 sororum

387 2497 418 2544 16
553 2486 615 2548 Fila
638 2489 729 2548 trium
752 2488 907 2566 patiuntur
931 2493 1002 2546 atra.

465 2575 559 2637 Codes
583 2578 727 2656 coemptis
751 2573 874 2636 saltibus
898 2581 928 2635 et
951 2573 1038 2635 domo

465 2662 610 2746 Vinaque,
633 2664 726 2725 llauos
751 2683 838 2743 quam
862 2663 979 2723 Tiberis
1003 2663 1089 2744 lauit,

510 2753 618 2833 Cedes,
643 2763 671 2814 et
695 2754 839 2814 extructis
863 2754 894 2812 iu
918 2751 1010 2813 altum

385 2853 419 2901 20
553 2841 672 2903 [linitiis
694 2845 827 2921 potietur
850 2840 946 2901 heres.

465 2929 594 2991 Diuesne
617 2933 716 3011 prisco
740 2940 827 2991 natus
851 2929 887 2988 ab
910 2929 1032 3011 Inacho,

465 3018 512 3079 Nil
535 3023 673 3100 interest,
697 3039 734 3080 an
756 3037 871 3099 pauper
894 3028 924 3079 et
947 3020 1046 3079 inlima

508 3107 551 3168 Dc
575 3119 662 3188 gente
686 3108 742 3170 sub
765 3109 836 3170 diuo
859 3110 1003 3189 moreris,

385 3208 419 3256 24
475 3193 481 3214 ¹
554 3197 677 3258 Victima
701 3197 743 3258 uil
765 3199 934 3258 miserantis
958 3195 1042 3259 Orci:

465 3285 575 3346 Omnes
597 3288 701 3348 eodem
721 3289 868 3367 cogimur,
891 3287 1023 3346 omnium

463 3374 605 3436 Versatur
629 3395 703 3437 unua
727 3379 824 3437 serius
847 3377 931 3435 ocius

510 3464 581 3525 Sors
605 3467 720 3526 exitura
743 3475 773 3526 et
797 3483 851 3526 nos
874 3466 905 3524 in
929 3471 1083 3525 aeternum

385 3563 419 3611 28
553 3552 681 3614 Exilium
704 3557 869 3633 inpositura
893 3551 1025 3613 cumbae.

849 3785 903 3845 11ss
967 3779 977 3794 ‘

464 3889 507 3952 Ne
531 3893 570 3953 sit
593 3892 713 3954 ancillae
738 3892 791 3953 tibi
815 3910 897 3952 amor
919 3891 1041 3974 pudori,

463 3979 590 4042 Xanthia
613 3980 746 4042 Phoceu!
769 3983 853 4061 prius
877 3980 1053 4042 insolentem

418 4139 1329 4242 A‘mapa‘mcmam)anama<contaminata(aa)

375 4258 401 4311 ΙΙ
419 4265 444 4311 3.
483 4265 513 4312 11
540 4259 614 4327 quod
633 4253 690 4312 D‘a
707 4259 757 4312 Ac.
800 4275 856 4326 quo
879 4257 1022 4327 ayOlLutr
1043 4254 1121 4326 Ppu'
1165 4257 1232 4328 quid
1256 4257 1449 4312 laurum

306 4327 410 4396 Porph.
424 4330 582 4396 echanolt.
595 4331 612 4383 l.
628 4330 753 4398 (interpr.
766 4329 812 4383 ‘ec
827 4331 852 4383 si
865 4346 897 4383 eo
910 4329 1108 4395 nonutimur')
1145 4345 1264 4397 quoq3o
1300 4345 1449 4396 ramosque

305 4401 335 4452 et
351 4399 440 4453 Beati.
478 4401 571 4466 remis,
591 4404 620 4454 et
640 4399 701 4454 Fen
775 4417 824 4456 uu.
844 4406 885 4454 17.
906 4406 939 4455 18
959 4402 1033 4455 omas.
1053 4396 1135 4468 7an
1208 4407 1240 4453 18
1259 4399 1339 4454 leuet
1356 4395 1449 4452 A'BL

304 4486 366 4538 opp.
399 4475 456 4524 cett.
487 4470 624 4539 Eutyches
713 4477 747 4524 28
779 4471 900 4524 Exilium
929 4467 1087 4540 A'pB‘D'R
1142 4469 1265 4524 Exitium
1295 4466 1409 4525 Ftaau‘

305 4540 431 4594 Exicium
451 4545 483 4605 a;
501 4541 527 4592 L
545 4556 602 4594 amn
621 4541 703 4608 liquet
