3226 5238
553 403 621 450 cm.
636 403 661 469 1,
677 401 706 469 2,
720 399 871 469 te-a,ae
1224 380 1285 443 191

302 553 345 610 An
370 553 495 630 pingues
519 550 611 618 Asiae¹
629 549 723 627 campi
747 546 895 625 collesque
921 539 1097 606 morantur?

303 638 378 710 Quid
404 639 536 699 studiosa
560 637 667 698 cohors
690 654 815 715 operum
839 633 949 696 struit?
984 635 1040 694 boc
1064 651 1182 712 quoque
1206 650 1287 693 curo.

303 729 374 798 Quis
399 727 456 788 sibi
479 745 528 787 res
552 734 650 804 gestas
674 726 800 803 Augusti
823 723 955 784 scribere
980 719 1093 783 sumit?

246 832 260 876 8
303 816 383 876 bella
407 817 475 895 quis
500 824 530 875 et
553 832 641 894 paces
664 813 786 892 longum
809 813 946 872 dillundit
969 815 1000 872 in
1024 806 1154 871 aeuum?

303 905 378 976 Quid
403 904 516 985 Titius,
540 903 669 963 Romana
693 901 779 962 breui
802 909 949 962 uenturus
972 903 1002 960 in
1027 918 1092 980 ora,

251 1007 256 1017 '
303 993 451 1054 Pindarici
475 993 565 1052 sontis
588 994 639 1070 qui
664 1009 723 1050 non
748 990 888 1069 expalluit
910 989 1049 1068 haustus,

303 1081 446 1142 Fastidire
470 1080 552 1140 lacus
577 1088 607 1140 et
630 1081 712 1139 riuos
735 1097 825 1139 ausus
850 1074 991 1156 apertos?

227 1183 257 1228 12
303 1169 340 1230 Vt
362 1165 463 1230 ualet?
488 1176 522 1229 ut
545 1170 679 1228 meminit
701 1164 818 1228 nostri?
843 1166 989 1229 fidibusne
1013 1166 1141 1230 Latinis

303 1257 460 1318 Thebanos
484 1266 584 1336 aptare
608 1256 712 1316 modos
735 1255 836 1316 studet
859 1259 977 1335 auspice
1001 1255 1097 1332 Musa,

303 1348 347 1406 An
371 1349 481 1425 tragica
505 1345 639 1406 desaeuit
662 1353 692 1404 et
715 1344 892 1423 ampullatur
915 1347 945 1404 in
970 1339 1057 1404 arte?

305 1435 380 1505 Quid
405 1435 478 1494 mibi
502 1434 605 1494 Celsus
629 1435 702 1513 agit,
725 1435 855 1492 monitus
878 1423 1063 1510 meritumque
1088 1430 1267 1509 monendus,

164 1575 167 1580 .
228 1535 259 1582 16
305 1522 440 1582 Priuatas
462 1531 497 1583 ut
521 1529 644 1601 quaerat
666 1540 738 1600 opes
762 1530 792 1581 et
815 1530 936 1600 tangere
961 1523 1037 1581 uitet

305 1611 422 1690 Scripta
444 1610 595 1671 Palatinus
620 1628 823 1689 quaecumque
847 1612 961 1689 recepit
984 1609 1101 1688 Apollo,

247 1743 252 1750 -
304 1700 362 1780 Ne,
386 1703 410 1760 si
435 1701 511 1759 lorto
536 1717 605 1759 suas
628 1701 788 1778 repetitum
814 1701 930 1758 uenerit
953 1697 1023 1758 olim

306 1788 384 1848 Grex
408 1790 507 1848 auium
531 1787 659 1869 plumae,
682 1796 801 1848 moueat
824 1787 975 1848 cornicula
998 1789 1091 1846 risum

227 1889 260 1936 22
306 1877 437 1936 Furtiuis
461 1876 571 1936 nudata
595 1873 766 1936 coloribus?
790 1879 854 1955 ipse
878 1876 949 1954 quid
973 1871 1086 1935 audes?

305 1965 386 2035 Quae
411 1964 632 2025 circumuolitas
655 1963 738 2042 agilis
761 1961 882 2044 thyma?
906 1983 964 2024 non
988 1962 1042 2024 tibi
1065 1979 1187 2040 paruom

185 2096 205 2118 a
306 2053 473 2132 Ingenium,
497 2072 556 2112 non
580 2053 723 2113 incultum
749 2061 794 2113 est
817 2062 846 2112 et
869 2055 996 2131 turpiter
1019 2052 1144 2111 hirtum:

307 2141 366 2202 Seu
389 2142 519 2219 linguam
543 2143 640 2201 causis
665 2143 746 2200 acuis
770 2160 823 2201 seu
847 2143 940 2200 ciuica
963 2143 1028 2200 iura

227 2242 260 2288 24
305 2230 497 2309 Respondere
520 2248 606 2309 paras
630 2247 683 2288 seu
707 2229 810 2288 condis
833 2227 956 2289 amabile
981 2245 1114 2316 carmen,

306 2317 405 2378 Prima
428 2319 507 2377 leros
530 2316 656 2378 hederae
680 2319 812 2377 uictricis
836 2319 973 2396 praemia.
1021 2315 1126 2395 quodsi

306 2405 423 2485 Frigida
447 2424 587 2466 curarum
611 2407 740 2466 lomenia
763 2406 932 2484 relinquere
956 2423 1073 2485 posses:

307 2494 372 2564 Quo
396 2503 425 2554 te
450 2494 585 2554 caelestis
609 2496 752 2572 sapientia
775 2494 911 2575 duceret,
934 2497 1002 2553 ires

228 2597 260 2642 28
306 2582 369 2643 Η22
393 2601 481 2663 opus,
503 2582 560 2642 lroc
584 2582 714 2642 studium
738 2585 824 2660 parui
846 2601 1041 2661 properemus
1065 2589 1095 2640 et
1118 2579 1219 2659 ampli,

308 2671 339 2730 Si
363 2673 474 2749 patriae
498 2671 651 2751 uolumus,
674 2673 700 2730 si
723 2670 809 2730 nobis
832 2673 936 2731 uiuere
960 2673 1029 2731 cari.

307 2758 403 2819 Debes
427 2759 483 2819 boc
506 2761 594 2819 etiam
618 2759 799 2840 rescribere,
822 2761 862 2819 sit
885 2759 939 2820 tibi
962 2778 1051 2820 curae

309 2848 441 2918 Quantae
465 2849 623 2908 conueniat
646 2847 803 2908 Munatius,
849 2867 886 2908 an
911 2849 984 2909 male
1009 2855 1086 2908 sarta

227 2949 261 2996 32
308 2936 407 2996 Gratia
431 2939 628 3014 nequicquam
652 2938 711 2996 coit
734 2945 764 2996 et
786 2938 966 2998 rescinditur
990 2957 1022 2997 ac
1048 2955 1101 2996 uos

309 3025 368 3083 Seu
391 3023 504 3083 calidus
527 3025 647 3101 sanguis
670 3043 724 3084 seu
746 3042 848 3085 rerum
872 3027 988 3086 inscitia
1012 3032 1100 3085 uexat

307 3112 451 3172 Indomita
475 3114 592 3172 ceruice
617 3108 719 3172 leros?
744 3112 922 3191 ubicumque
946 3114 1079 3172 locorum

309 3200 428 3281 Viuitis,
450 3200 564 3278 indigni
587 3201 752 3260 fraternum
776 3219 915 3280 rumpere
939 3201 1057 3279 loeduS,

228 3303 262 3350 32
308 3288 444 3348 Pascitur
467 3291 497 3347 in
521 3297 657 3348 uestrum
680 3289 809 3350 reditum
830 3291 1091 3364 uotiuaiuuenca.

383 3475 1050 3566 Α’(Α22222222222222

221 3624 254 3672 12
273 3617 403 3687 haustus]
425 3616 561 3683 ‘Haustu]
576 3633 642 3670 num
656 3616 789 3670 liaustu?
809 3612 887 3686 Pplu'
901 3612 1011 3687 Porpla.'
1086 3623 1118 3671 19
1138 3616 1290 3686 cornicula]

148 3688 424 3775 uulpeculaSeruiue
488 3693 521 3738 22
536 3689 566 3740 et
579 3681 806 3756 A'vaqu‘srro
838 3683 981 3741 neth'L
1048 3695 1082 3741 30
1097 3688 1134 3742 sit
1147 3684 1293 3757 A‘vapR

146 3754 280 3813 Fteen'o
295 3752 497 3826 Ppu'Porpu'
511 3758 589 3824 pleae.
602 3762 639 3822 P;
676 3759 700 3811 si
715 3759 750 3828 dp
822 3764 855 3812 31
870 3759 1003 3814 minabius
1017 3754 1120 3812 A‘rRrr
1156 3759 1294 3812 minacius

146 3831 192 3899 pL
228 3830 370 3883 numatius
382 3845 418 3898 op
489 3833 523 3880 33
539 3827 609 3880 Seu.
622 3869 628 3882 .
640 3845 705 3882 ,222
720 3845 749 3896 pa
758 3845 919 3899 superacep
934 3830 962 3899 [σ
972 3830 1114 3884 cronaca
1132 3830 1293 3892 Zuliebem.;

147 3901 204 3954 Seu
222 3902 306 3954 etiam
323 3899 456 3952 indulator
474 3899 574 3952 codicis
593 3898 722 3953 Poristne’
740 3900 822 3969 8214]
859 3901 921 3954 Η22
936 3901 1049 3954 ...heu
1067 3916 1136 3953 omn.
1173 3898 1236 3952 Heu

147 3973 177 4026 et
195 3972 309 4040 florileq.
328 3963 506 4024 Nostrodam.
543 3971 593 4022 eut
608 4011 614 4022 .
630 4009 636 4022 .
653 4012 658 4023 .
674 3971 724 4023 aut
741 3972 880 4037 interpret.
899 3971 977 4025 schol.
994 3989 1006 4023 ε
1022 3986 1093 4024 cone.
1106 3971 1186 4023 schol.
1199 3973 1225 4022 Γ
1257 4005 1260 4010 -
1314 3995 1317 3999 -

147 4048 182 4096 35
202 4043 255 4094 alii
274 4046 402 4095 commate
415 4045 479 4107 poet
497 4039 593 4092 uiuitis
611 4041 707 4092 omisso
721 4045 857 4107 punctum
870 4045 935 4108 post
952 4041 1048 4094 foedos
1063 4044 1180 4107 ponunt.
