3226 5238
738 377 981 426 EPISTVLARVM

442 525 587 606 Maenius,
609 532 644 585 ut
666 524 756 584 rebus
779 527 920 585 maternis
944 533 1031 603 atque
1055 525 1185 602 paternis

442 614 572 675 Fortiter
596 613 759 692 absumptis
782 613 915 674 urbanus
939 615 1037 692 coepit
1059 612 1162 672 haberi

363 713 397 762 28
443 702 552 764 Scurra
576 721 683 783 uaguS,
707 720 765 762 non
789 704 841 780 qui
864 710 979 763 certum
1002 719 1162 780 praesaepe
1185 707 1315 781 teneret,

441 792 603 872 lupransus
627 809 687 851 non
710 793 768 869 qui.
784 792 881 850 ciuem
904 789 1073 850 dinosceret
1093 789 1192 869 hoste,

443 879 598 950 Quaelibet
620 882 650 939 in
675 881 811 958 quemuis
834 879 993 958 obprobria
1016 880 1126 958 fingere
1151 896 1271 960 saeuuS,

442 968 595 1029 Pernicies
618 977 648 1028 ct
670 975 831 1046 tempestas
854 967 1085 1045 barathrumque
1109 966 1236 1048 macelli,

363 1068 397 1114 ae
444 1057 589 1136 Quicquid
614 1059 794 1136 quaesierat,
817 1059 916 1116 uentri
939 1056 1066 1117 donabat
1089 1073 1186 1116 auaro.

442 1145 511 1224 Hic,
534 1145 585 1210 ubi
609 1146 757 1223 nequitiae
782 1144 947 1206 fautoribus
971 1154 1000 1205 et
1023 1145 1133 1205 timidis
1157 1143 1197 1204 nil

443 1234 500 1294 dut
523 1233 644 1313 paulum
667 1233 841 1314 abstulerat,
864 1236 978 1312 patinas
1002 1233 1125 1293 cenabat
1148 1235 1240 1292 omasi

443 1322 514 1382 Vilis
538 1331 568 1382 et
591 1325 728 1403 agninae,
750 1321 848 1382 tribus
870 1324 949 1382 ursis
973 1323 1052 1401 quod
1077 1324 1147 1382 satis
1171 1329 1263 1399 esset,

364 1423 398 1470 36
444 1410 564 1470 Scilicet
586 1417 620 1470 ut
642 1418 765 1472 uentres
788 1411 884 1470 lamna
907 1411 1050 1471 candente
1074 1417 1214 1489 nepotum

443 1499 562 1559 Diceret
584 1500 723 1560 urendos
769 1507 923 1559 correctus
945 1498 1063 1559 Bestius
1086 1499 1178 1578 idern,

444 1587 590 1666 Quicquid
614 1597 678 1648 erat
700 1596 827 1649 nanctus
850 1587 975 1666 praedae
1000 1590 1132 1666 maioris,
1155 1587 1206 1647 ubi
1229 1604 1315 1645 omne

442 1674 577 1736 Verterat
600 1679 630 1736 in
654 1677 769 1737 firmum
792 1684 822 1737 et
845 1679 990 1757 cinerem,
1014 1672 1085 1736 ‘non
1108 1675 1229 1736 hercule
1253 1661 1368 1754 miror',

362 1777 397 1824 40
442 1764 559 1845 Aiebat,
583 1759 673 1843 ‘siqui
697 1765 857 1825 comedunt
879 1765 969 1846 bona,
993 1783 1060 1824 cum
1084 1767 1123 1825 sit
1146 1764 1236 1824 obeso

442 1852 491 1912 Nil
514 1853 619 1913 melius
642 1853 745 1934 turdo,
769 1853 809 1913 nil
831 1853 920 1914 uolua
943 1853 1096 1933 pulchrius
1121 1847 1236 1932 ampla'.

443 1941 589 2001 Nimirum
612 1941 660 2001 bic
684 1960 739 2021 ego
763 1959 842 2002 sum:
865 1960 933 2001 naun
957 1950 1020 2002 tuta
1043 1951 1073 2002 et
1095 1941 1215 2020 paruola
1238 1938 1339 2020 laudo,

443 2029 517 2090 Cum
541 2049 590 2090 res
613 2030 768 2110 deficiunt,
791 2033 861 2090 satis
885 2032 964 2091 inter
987 2030 1058 2090 uilia
1081 2030 1180 2090 sortis:

364 2131 398 2177 44
443 2117 554 2178 Verum
576 2118 628 2178 ubi
652 2120 722 2198 quid
746 2119 852 2179 melius
876 2121 1022 2197 contingit
1045 2127 1074 2178 et
1098 2121 1231 2198 unctius,
1254 2118 1332 2176 idem

443 2206 500 2266 Vos
524 2226 628 2286 sapere
652 2215 683 2268 et
706 2208 785 2268 solos
809 2210 855 2267 aio
878 2207 953 2267 bene
977 2210 1097 2288 uiuere,
1121 2225 1250 2286 qnorum

444 2294 634 2375 Conspicitur
657 2297 757 2357 nitidis
781 2296 902 2357 lundata
925 2299 1051 2374 pecunia
1075 2295 1162 2356 uillis.

750 2527 962 2534 ——.-..—-———-

825 2720 889 2780 XVI

441 2843 488 2902 ¹Ne
511 2846 710 2925 perconteris,
735 2846 844 2905 fundus
868 2864 966 2926 meus,
990 2847 1099 2924 optime
1125 2844 1259 2923 Quincti,

445 2932 525 2991 druo
548 2941 649 3010 pascat
672 2951 757 2993 erum
781 2953 817 2993 an
840 2934 921 2994 bacis
945 2934 1098 3013 opulentet
1121 2934 1230 3013 oliuae,

445 3020 583 3080 Pomisne
608 3029 637 3081 et
659 3025 753 3100 pratis
777 3041 813 3082 an
837 3025 944 3083 amicta
966 3022 1080 3083 ultibus
1103 3023 1195 3082 tilmo:

383 3121 400 3168 4
446 3109 601 3170 Scribetur
624 3108 678 3170 tibi
702 3112 796 3172 lorma
818 3112 983 3190 loquaciter
1006 3119 1036 3171 et
1059 3113 1134 3170 situs
1157 3112 1228 3188 agri.

288 3247 499 3256 Ἢ

560 3314 1154 3423 A'(Aatpvupnr(qq)t'(at)nn'(ncic

358 3436 392 3509 36
406 3473 481 3511 noua
494 3459 613 3524 epistula
621 3459 652 3511 iu
661 3454 846 3527 uEszsn'o;
860 3459 1058 3512 continuantur
1066 3456 1205 3524 sequeutia
1215 3456 1431 3528 antecedentibus

287 3527 319 3578 iu
345 3522 449 3592 A'le'
471 3528 573 3595 Pcrph,
598 3529 653 3596 (sed
680 3531 711 3598 iu
740 3529 818 3596 Pcrf.
846 3530 936 3582 maior
963 3529 1055 3582 littero
1081 3528 1212 3596 initialis)
1239 3527 1320 3581 schol.
1337 3530 1363 3579 Γ

209 3601 216 3610 ·
288 3602 321 3648 27
347 3597 480 3651 editorum
499 3599 623 3666 plerique
638 3604 700 3666 post
717 3599 815 3654 haberi
833 3600 1046 3668 iuterpuupuut,
1070 3613 1120 3650 uos
1138 3613 1198 3651 cum
1216 3599 1354 3651 codicibus
1372 3597 1430 3666 qui·

289 3667 403 3721 busdam
426 3673 451 3721 et
468 3669 634 3722 Doederliuo
651 3675 716 3754 post
734 3687 829 3724 scurra
845 3671 1012 3739 distiupuere
1030 3669 1177 3722 maluimus
1249 3675 1282 3722 33
1307 3668 1432 3722 donabat

288 3732 389 3805 A‘pEp
425 3739 543 3793 donarat
560 3736 735 3794 vRFtecu'e
807 3759 834 3796 u.
853 3745 887 3794 35
907 3756 1000 3794 cresus
1020 3755 1046 3794 s1
1088 3739 1208 3808 agninae
1226 3741 1295 3807 qim
1330 3739 1431 3808 agnine

289 3807 381 3876 Rtpre
417 3811 529 3878 agmine
539 3810 580 3864 Et
618 3809 755 3882 agminec
792 3811 889 3882 agnini
902 3807 1033 3878 A'pvth
1101 3814 1133 3863 37
1150 3811 1290 3864 correctns
1304 3805 1431 3878 A'pceeL

325 3882 467 3948 correptus
477 3875 627 3950 Eth'um
637 3886 668 3935 ut
677 3883 734 3936 uid.
763 3884 905 3952 correptos
915 3881 1024 3948 R13lu.
1035 3883 1052 3936 l.
1077 3883 1253 3934 correctores
1263 3898 1324 3934 ucr.
1354 3881 1431 3935 codd.

285 3951 391 4017 partim
406 3956 469 4019 post
487 3950 593 4006 bestius
607 3953 713 4020 purtim
727 3959 790 4007 aute
803 3953 909 4006 bestius
920 3954 1025 4021 porticu
1034 3953 1150 4022 ,omuino
1163 3967 1220 4005 nou
1233 3953 1432 4022 interpunyuut

359 4037 406 4074 uu.
426 4028 532 4075 39-44
550 4037 584 4075 ne
597 4024 629 4076 iu
642 4039 728 4092 maru.
800 4030 834 4078 33
855 4023 984 4077 Veriereb
1001 4023 1053 4089 Eu
1061 4039 1144 4090 pr.s;
1164 4021 1191 4074 R
1205 4039 1232 4077 u.
1248 4023 1264 4076 l.
1302 4022 1433 4076 Verberet

290 4095 346 4146 cett,
376 4091 420 4158 Pf.
446 4088 554 4160 Porph!
599 4093 699 4148 Verbab
728 4094 799 4162 Pph.
880 4099 914 4146 42
941 4094 1060 4162 paruula
1086 4094 1113 4145 A
1158 4093 1277 4161 paruula
1303 4097 1359 4146 ceti.

290 4177 337 4216 cut.
353 4167 387 4214 43
402 4178 440 4230 sq.
451 4168 556 4230 postu.
571 4169 605 4219 38
615 4181 682 4232 pou.
697 4164 792 4233 AqRec
814 4182 861 4220 uu.
876 4171 910 4218 43
924 4176 961 4233 eq.
972 4169 1037 4232 poet
1050 4181 1077 4217 u.
1093 4170 1126 4217 39
1140 4179 1208 4231 pou.
1224 4182 1258 4232 op
1283 4181 1330 4216 uu.
1346 4168 1380 4216 43
1394 4179 1432 4231 sq.

290 4236 358 4285 recte
371 4249 437 4300 pou.
457 4228 586 4302 Eth'co
613 4251 661 4288 uu.
681 4241 714 4288 43
734 4251 770 4303 sq.
788 4240 840 4304 ,aut
857 4236 976 4289 omisisse
994 4240 1043 4288 out
1061 4237 1133 4288 iuter
1151 4251 1198 4288 uu.
1218 4239 1252 4288 34
1271 4239 1296 4288 et
1313 4240 1360 4302 36,
1384 4235 1434 4288 ubi

291 4300 345 4354 duo
367 4319 463 4357 uersus
487 4321 577 4358 erasm
599 4321 652 4358 esse
674 4311 803 4373 apparet,
825 4307 947 4374 posuisse
965 4307 1094 4360 uideatur
1114 4324 1126 4358 s
1163 4322 1190 4358 u.
1210 4310 1244 4358 43
1263 4306 1354 4359 omisit
1371 4304 1398 4356 L

291 4387 319 4425 u.
338 4377 372 4426 44
390 4375 481 4427 omisit
498 4394 515 4428 v
590 4381 624 4428 45
644 4377 689 4430 aio
721 4377 776 4430 alio
795 4372 905 4430 Ft'esu'
978 4381 1012 4430 46
1031 4376 1115 4430 uallis
1133 4367 1242 4429 Ft'esec-
1460 4419 1463 4426 .

361 4443 435 4500 11e.
472 4447 536 4499 3et
553 4445 641 4513 prelis
658 4443 887 4513 Apenninus
924 4464 960 4500 an
978 4447 1066 4516 pratis
1085 4447 1131 4514 Ep
1167 4445 1258 4500 amica
1272 4445 1323 4512 Εφ
1334 4463 1396 4500 uae.

292 4511 397 4565 amicte
414 4518 471 4569 cett.
493 4512 571 4582 Ppe!
589 4514 699 4582 Porph!
