3226 5238
659 1322 695 1399 o.
718 1323 886 1390 nonam
909 1324 1066 1390 nouom

551 1485 1172 1586 EPISTVLARVM

704 1678 813 1734 LIBER
831 1678 1021 1733 SECVNDVS

853 1988 865 2047 1

450 2111 523 2172 Cum
547 2122 591 2174 tot
614 2115 761 2174 sustineas
785 2121 816 2173 et
838 2121 917 2174 tanta
941 2114 1058 2191 negotia
1081 2111 1175 2193 solus,

448 2201 508 2262 Res
530 2201 616 2262 Italas
640 2204 730 2263 armis
753 2205 875 2284 tuteris,
897 2200 1031 2262 moribus
1055 2219 1158 2283 ornes,
1246 2201 1250 2208 '

448 2289 577 2370 Legibus
600 2290 753 2353 emendes:
776 2295 806 2352 in
830 2290 947 2371 publica
971 2289 1124 2351 commoda
1146 2309 1282 2370 peccem,

388 2391 404 2438 4
451 2379 483 2440 Si
504 2379 593 2458 longo
617 2399 753 2440 sermone
778 2398 877 2440 morer
900 2390 951 2441 tua
973 2389 1120 2459 tempora,
1143 2378 1259 2441 Caesar.

448 2469 592 2530 Romulus
616 2477 645 2530 et
667 2469 756 2530 Liber
779 2478 863 2549 pater
887 2477 918 2530 et
940 2487 1007 2530 eum
1032 2467 1152 2529 Castore
1175 2468 1294 2550 Pollux,

447 2558 517 2619 Post
541 2560 671 2638 ingentia
695 2560 770 2619 iacta
795 2559 919 2619 deorum
942 2560 972 2618 in
996 2556 1105 2636 templa
1121 2561 1254 2639 'recepti,

448 2646 524 2707 Dum
547 2654 643 2708 terras
666 2647 878 2727 bominumque
902 2647 1004 2708 colunt
1027 2665 1134 2727 genus,
1157 2665 1260 2726 aspera
1284 2646 1360 2708 bella

386 2747 402 2796 8
449 2734 649 2817 Componunt,
673 2755 759 2816 agros
782 2737 949 2817 adsignant,
972 2734 1079 2814 oppida
1101 2736 1246 2816 condunt,

447 2824 607 2885 Plorauere
632 2826 694 2886 suis
718 2844 777 2886 non
800 2824 982 2904 respondere
1006 2825 1140 2884 fauorem

449 2913 607 2992 Speratum
630 2916 753 2974 meritis,
799 2915 893 2974 diram
917 2915 969 2993 qui
991 2913 1127 2974 contudit
1149 2913 1271 2993 hydram
1342 2977 1345 2982 ,

448 3002 583 3081 Notaque
607 3002 687 3063 iatali
709 3009 847 3082 portenta
870 3003 970 3063 labore
994 3001 1124 3083 subegit,

371 3103 402 3149 12
449 3090 600 3170 Comperit
622 3091 763 3152 inuidiam
787 3111 926 3172 supremo
949 3092 1007 3151 fine
1031 3091 1153 3151 domari.

448 3179 512 3240 Vrit
534 3182 614 3240 enim
638 3180 752 3260 fulgore
777 3199 845 3262 suo,
869 3183 920 3259 qui
942 3187 1119 3259 praegrauat
1142 3181 1213 3240 artis

448 3269 528 3329 Infra
551 3287 583 3328 se
606 3271 731 3349 positas,
755 3272 904 3330 extinctus
927 3268 1073 3330 amabitur
1096 3268 1182 3329 idem.

447 3357 603 3418 Praesenti
626 3357 681 3419 tibi
703 3367 836 3418 maturos
859 3359 1001 3437 largimur
1023 3356 1152 3418 honores

370 3457 402 3504 16
447 3445 649 3525 durandusque
673 3455 756 3508 tuom
778 3466 833 3526 per
856 3465 967 3530 numen
989 3449 1128 3526 ponimus
1151 3465 1232 3528 aras,

448 3534 496 3594 Nil
519 3537 666 3596 oriturum
689 3536 774 3617 alias,
797 3536 839 3595 nii
862 3545 962 3596 ortum
983 3535 1041 3595 tale
1065 3536 1201 3597 fatentes

370 3635 376 3640 ·
399 3704 403 3709 ⁴
450 3621 508 3682 Sed
533 3630 603 3683 tuus
625 3623 674 3684 bie
697 3624 838 3705 populuS,
862 3626 979 3704 sapiens
1003 3633 1033 3684 et
1055 3627 1153 3685 iustus
1175 3627 1206 3685 in
1229 3643 1289 3686 nno

448 3710 490 3770 Te
514 3714 624 3772 nostris
646 3711 786 3793 ducibus,
809 3722 839 3773 te
863 3712 947 3773 Grais
970 3713 1175 3794 anteferendo,

369 3811 404 3858 20
450 3798 554 3859 Cetera
578 3819 764 3880 nequaquam
788 3801 876 3861 simili
899 3803 1012 3862 ratione
1036 3802 1183 3880 modoque
1282 3875 1288 3888 ·

448 3889 590 3949 Aestimat
612 3899 655 3970 et,
678 3893 735 3950 nisi
759 3908 834 3969 quae
858 3892 946 3950 terris
970 3899 1082 3951 semota
1105 3893 1227 3969 suisque
1335 3929 1341 3937 ι

448 3976 645 4056 Temporibus
669 3979 808 4038 defuncta
832 3979 927 4060 uidet,
951 3978 1062 4039 fastidit
1086 3987 1116 4040 et
1139 3980 1213 4061 odit,

497 4165 1002 4257 oyEpRl‘iptp)i'(il)doerr‘(rrL)u,·
1016 4177 1112 4248 deficit
1124 4178 1184 4237 eod.
1197 4174 1225 4234 A

245 4305 249 4312 ·
359 4295 424 4349 111.
457 4297 628 4352 2buierisE
661 4298 797 4353 tuearisn
832 4298 932 4354 iuberis
946 4305 1004 4353 cett.
1042 4299 1165 4354 moribus
1179 4317 1250 4357 omn.
1287 4301 1430 4356 moenibus

289 4366 359 4418 coni.
377 4367 518 4422 Batonius
591 4375 624 4424 1o
643 4369 771 4424 contudit
788 4367 911 4426 aFtan'o
948 4371 1093 4425 contundit
1111 4370 1139 4425 R
1176 4371 1295 4426 eontulit
1313 4372 1428 4441 γΕῑιάιε

276 4497 284 4510 ·
325 4435 485 4505 condidiip
505 4437 551 4505 Pf.
589 4441 663 4495 eoni.
684 4442 755 4509 Ppb.
808 4448 862 4496 ·1o
880 4458 982 4496 nomen
1000 4436 1203 4511 oprt'dzeu'o
1239 4460 1344 4497 numen
1357 4442 1429 4512 any

290 4503 384 4558 Seruii
398 4508 474 4586 codd.
489 4508 640 4576 Aopieooes
654 4512 708 4566 duo
722 4512 863 4566 Leideosts
877 4519 912 4567 80
926 4511 1039 4580 Hopem'
1052 4513 1203 4567 Beruenses
1217 4515 1255 4568 od
1267 4529 1356 4583 peorp.
1370 4515 1383 4566 I
1397 4519 1428 4566 nt

363 4581 394 4628 17
414 4576 456 4628 n1l
472 4579 564 4664 ortum
583 4576 674 4649 Epu'o
710 4581 782 4635 nihil
799 4585 892 4638 ortum
905 4579 1070 4651 ayRFt'ozs
1087 4585 1231 4639 Prisciani
1244 4586 1321 4640 codd.
1336 4584 1429 4654 optimi
