3264 5238
524 1141 559 1219 o.
584 1139 753 1206 nonam
777 1101 933 1206 rancor

446 1305 482 1421 O
511 1305 560 1402 A
588 1303 634 1400 R
662 1303 718 1400 M
746 1303 772 1400 Ι
800 1301 850 1398 N
878 1301 927 1398 V
954 1301 1011 1398 M

581 1493 690 1549 LIBER
708 1493 865 1552 TERTIVS

671 1659 777 1668 ——nn

716 1783 736 1850 I

314 1912 370 1974 Odi
392 1914 549 1993 profanum
573 1911 680 1989 uolgus
704 1917 734 1970 et
756 1927 857 1970 arceo:

313 2003 422 2063 Fauete
446 2002 568 2081 linguis3
592 2002 722 2060 carmina
746 2017 806 2058 non
829 2000 913 2078 prius

289 2107 292 2112 ·
359 2091 464 2151 Audita
487 2091 637 2151 Musarum
658 2087 796 2148 sacerdos

250 2193 269 2243 4
403 2179 573 2258 Virginibus
596 2180 758 2257 puerisque
783 2184 894 2236 cantos

314 2269 428 2347 Regum
453 2267 651 2328 timendorum
674 2269 705 2326 in
728 2268 866 2346 proprios
889 2283 1008 2347 greges,

313 2358 410 2435 Reges
432 2359 463 2416 in
487 2359 568 2435 ipsos
591 2357 748 2434 imperium
773 2361 818 2414 est
841 2353 934 2435 louis,

358 2446 436 2505 Ciari
459 2445 601 2524 Giganteo
625 2444 789 2524 triumphe,

253 2547 270 2595 a
404 2534 516 2594 Cuncta
540 2533 699 2613 supercilio
723 2534 880 2592 mouentis.

314 2623 367 2684 Est
390 2633 424 2683 ut
447 2625 513 2683 uiro
529 2619 584 2683 'uir
607 2622 696 2682 latius
719 2621 837 2681 ordinet

313 2712 442 2772 Arbusta
462 2712 564 2792 sulcis,
587 2711 635 2771 hio
659 2712 832 2789 generosior

359 2800 524 2880 Descendat
546 2803 577 2860 in
602 2819 738 2879 eampum
761 2801 886 2878 petitor,
904 2792 907 2801 ’

235 2901 269 2953 12
403 2889 536 2950 Moribus
559 2889 607 2948 hic
632 2889 794 2966 meliorque
819 2888 894 2948 iama
960 2906 966 2916 ·

315 2978 494 3052 Contendat,
517 2978 560 3037 illi
583 2976 670 3037 turba
694 2977 846 3038 clientium

315 3067 360 3126 Sit
382 3069 490 3127 maior:
513 3085 606 3144 aequa
628 3066 693 3143 lege
717 3068 878 3126 necessitas

360 3156 491 3216 Sortitur
513 3157 638 3233 insignis
663 3163 692 3214 et
715 3157 803 3235 imos,

237 3257 269 3306 ts
405 3242 499 3304 Omne
524 3262 614 3322 capax
637 3252 739 3303 mouet
762 3261 836 3303 urna
860 3260 977 3302 nomen.

316 3332 483 3393 Destrictus
507 3336 587 3393 ensis
611 3335 660 3392 cui
683 3351 773 3411 super
797 3333 885 3410 impia

316 3420 440 3482 Ceruice
463 3421 587 3502 pendet,
611 3439 671 3480 non
695 3419 811 3480 Siculae
835 3419 926 3498 dapes

292 3565 296 3576 ,
360 3509 482 3570 Dulcem
506 3509 700 3569 elaborabunt
724 3527 873 3588 saporem,

232 3609 271 3660 to
405 3599 469 3658 Non
494 3601 593 3658 auium
618 3597 807 3676 citharaeque
832 3605 936 3658 cautus

317 3688 461 3747 Somnum
484 3687 642 3748 reducent:
667 3705 788 3746 somnus
812 3688 974 3764 agrestium

316 3774 405 3835 Lenis
428 3777 563 3836 uirorum
587 3794 646 3836 non
669 3775 789 3835 humilis
813 3775 915 3834 domos

360 3863 484 3924 Fastidit
506 3864 735 3942 umbrosamque
760 3866 867 3944 ripam,

236 3962 271 4014 24
406 3953 472 4012 Non
495 3952 637 4032 Zephyris
661 3955 767 4030 agitata
791 3953 911 4031 Tempe.

266 4075 1193 4230 Atouriaruminationeottocento)

222 4259 269 4324 ἩΙ
291 4270 316 4322 1.
357 4282 442 4319 unam
470 4267 538 4319 oden
565 4281 619 4319 esse
647 4282 668 4318 o.
689 4265 781 4317 i-vi
808 4265 1035 4318 existimauerunt
1068 4263 1244 4334 Porphyrion
1276 4271 1302 4318 et

156 4335 300 4389 Dioruedee
318 4353 380 4404 opp.
405 4336 564 4390 Victorinus
582 4339 606 4389 ei
625 4335 740 4389 Seruius
758 4337 791 4389 de
808 4336 900 4406 metris
919 4335 988 4388 Hor.
1060 4352 1109 4388 ou.
1129 4341 1207 4388 1-4
1225 4337 1301 4389 celui

153 4409 322 4474 prooemium
341 4409 494 4461 carminum
508 4406 599 4458 I-VI
615 4406 757 4474 reparatos
771 4406 867 4473 poscit
886 4405 1042 4459 Meinekioa
1114 4413 1147 4460 13
1166 4405 1311 4460 clientum'

90 4521 93 4530 .
156 4473 221 4530 vno'
292 4484 324 4531 17
345 4473 615 4550 DishiotusFi'ir'a'
629 4477 775 4544 Pompeius
788 4491 850 4544 opp.
865 4480 924 4529 cett.
937 4475 1007 4545 Pph.
1021 4477 1171 4545 Porphad
1185 4478 1299 4546 c19‚5.

157 4545 229 4604 Aer!
252 4547 395 4602 Charisius
414 4550 528 4603 Seruius
546 4550 578 4601 in
596 4549 738 4602 Donatum
