3264 5238
431 1231 435 1235 ·
538 1218 945 1298 recommissum
1025 1245 1029 1258 ι

459 1385 495 1481 O
524 1385 573 1480 A
600 1385 647 1481 R
674 1385 783 1480 Mi
811 1385 860 1480 N
888 1385 937 1480 V
965 1385 1021 1479 M

609 1575 719 1628 LIBER
737 1574 873 1629 PRIMVS

732 1903 744 1962 l

325 2031 478 2090 Maecenas
502 2031 596 2089 atauis
620 2029 698 2088 edite
722 2004 880 2106 regibuss

326 2119 349 2179 0
374 2127 403 2179 et
426 2117 607 2197 praesidium
632 2126 661 2178 et
685 2115 770 2176 dulce
795 2117 886 2176 decus
910 2133 1023 2176 meum:
1070 2185 1073 2189 ,

326 2208 402 2268 Sunt
425 2225 500 2286 quos
524 2205 674 2266 curriculo
697 2205 853 2284 puluerem
877 2203 1062 2283 Olympicum

264 2309 280 2354 4
325 2296 593 2380 (ΙοΗθςίεεθιίιιυᾶῑ
616 2303 753 2373 metaque
778 2293 902 2354 feruidis

323 2385 440 2444 Euitata
464 2387 538 2444 rotis
561 2384 716 2464 palmaque
741 2382 848 2443 nobilis

324 2474 485 2534 Terrarum
510 2473 645 2534 dominos
669 2471 770 2532 euehit
793 2473 828 2531 ad
853 2472 946 2549 deos3.

325 2562 425 2641 Hunc,
449 2565 474 2621 si
497 2561 650 2622 mobilium
673 2561 761 2621 turba
785 2561 945 2631 Quiritium

262 2662 277 2710 Β
324 2651 425 2717 Certat
448 2653 619 2730 tergeminis
643 2649 747 2710 tollere
771 2647 951 2727 honoribus5

322 2740 421 2821 Illum,
446 2743 470 2798 si
493 2741 615 2819 proprio
639 2739 770 2799 condidit
792 2737 901 2797 lrorreo

324 2828 469 2907 Quicquid
495 2828 532 2888 de
555 2827 672 2907 Libycis
696 2829 829 2888 uerritur
852 2828 938 2886 areis,

323 2913 506 2978 Gaudentem
529 2919 641 2995 patrios
666 2917 778 2977 findere
803 2914 918 2976 sarculo

244 3018 276 3064 12
324 3007 416 3084 Agros
440 3005 572 3066 Attalicis
596 3005 820 3066 condicionibus

190 3099 194 3107 '
323 3094 487 3173 Numquam
513 3095 683 3175 demoueas,
707 3102 740 3154 ut
762 3092 846 3153 trabe
860 3091 975 3170 *Cypria

323 3183 469 3262 Myrtoum
491 3184 617 3263 pauidus
641 3191 730 3242 nauta
754 3189 836 3242 secet
859 3199 948 3240 mare,

323 3271 498 3333 Luctantem
520 3272 623 3332 Icariis
646 3271 786 3332 fluctibus
810 3271 942 3329 Africum

245 3372 277 3419 16
323 3361 470 3420 Mercator
492 3369 629 3421 metuens
653 3363 747 3420 otium
771 3369 800 3420 et
823 3359 923 3437 oppidi

323 3449 436 3510 Laudat
458 3468 529 3510 rura
553 3452 613 3510 sui:
636 3467 703 3510 mox
727 3450 823 3508 reficit
846 3454 926 3506 rates

323 3538 465 3620 Quassus,
488 3537 624 3598 indocilis
648 3540 819 3616 pauperiem
843 3538 911 3614 pati.

323 3626 377 3686 Est
401 3630 452 3705 qui
476 3645 530 3687 nec
553 3629 667 3687 ueteris
689 3625 795 3705 pocula
818 3625 934 3683 Massici

243 3726 277 3772 20
323 3714 383 3774 Nec
407 3725 521 3794 partem
546 3715 638 3775 solido
663 3714 782 3774 demere
807 3714 842 3772 de
867 3712 914 3772 die

323 3803 458 3885 Spernit,
482 3823 561 3864 nunc
585 3803 674 3862 uiridi
699 3802 829 3863 membra
855 3800 909 3861 sub
935 3800 1040 3861 arbuto

322 3891 454 3973 StratuS,
479 3912 558 3953 nuuc
582 3892 616 3952 ad
641 3910 733 3970 aquae
757 3891 823 3950 leuc
848 3897 937 3968 caput
961 3908 1068 3949 sacrae.

382 4094 1083 4186 Auovrocranaororiconem

231 4219 244 4272 I
256 4227 278 4275 1.
299 4219 363 4274 Ood.
375 4241 389 4289 p
401 4221 584 4290 deflectensque
599 4223 635 4275 ad
650 4237 670 4274 c.
682 4227 706 4288 7,
718 4228 742 4274 4.
763 4222 818 4275 cod.
830 4220 859 4272 D
868 4235 951 4286 usque
965 4219 1003 4272 od
1016 4235 1042 4270 u.
1059 4223 1101 4271 36.
1117 4219 1173 4273 eod.
1184 4218 1210 4271 L
1223 4235 1307 4288 nsque

160 4291 197 4344 ad
217 4307 239 4344 c.
258 4297 283 4359 2,
302 4298 336 4345 37
407 4292 578 4346 lnobilium
596 4288 658 4346 ercu'
697 4291 842 4352 mobilium
862 4295 920 4343 cett.
938 4290 994 4357 (sed
1009 4287 1032 4342 0
1048 4291 1174 4358 euanuit)
1195 4288 1304 4358 Porpu!

159 4362 224 4416 Aer.
302 4369 334 4415 13
354 4363 503 4418 demoueas
517 4363 573 4416 BR
609 4363 753 4416 dimoueas
768 4367 826 4415 cett.
841 4361 897 4429 (sed
912 4359 935 4413 0
947 4361 1072 4427 monuit)
1109 4378 1211 4430 cypreo
1227 4357 1304 4428 Ppulo!

194 4431 284 4501 cipria
298 4433 325 4486 A
339 4430 398 4486 Ac‘
413 4431 486 4488 Aer!
519 4434 616 4504 cypria
629 4439 686 4487 cett.
704 4427 814 4500 Porph!
889 4435 921 4482 15
935 4429 1028 4484 icariis
1042 4428 1131 4484 A'oB'
1168 4431 1265 4486 ikcriis
1279 4432 1306 4484 R

194 4503 295 4557 icareis
314 4501 433 4558 Ft‘dnu‘
470 4506 609 4573 peareiez

213 4612 342 4645 monemus.
476 4638 480 4644 .
504 4587 506 4592 ¹
1078 4600 1090 4645 1
