3226 5238
287 378 353 443 220
617 415 623 426 ι
735 392 982 440 arrsrvnnnvu

368 553 400 601 52
447 540 513 610 Quo
536 542 681 620 promissa
705 538 811 600 cadant
833 545 863 598 et
886 540 1000 599 somnia
1022 537 1213 617 Pythagorea.

447 627 576 690 Naeuius
602 631 633 688 in
656 623 793 689 manibus
817 647 876 688 non
900 636 946 688 est
969 635 999 688 et
1021 625 1172 688 mentibus
1195 627 1298 688 haeret

446 718 545 779 Paene
567 714 694 778 recens?
716 717 789 778 adeo
813 724 948 779 sanctum
972 724 1019 777 est
1041 725 1129 776 uetus
1149 734 1236 776 omne
1259 735 1373 796 poema.

447 808 613 886 Ambigitur
637 809 788 888 quotiens,
812 816 879 867 uter
902 813 971 866 utro
995 808 1033 866 sit
1056 808 1153 886 prior,
1177 806 1274 866 aufert

369 909 401 958 55
447 899 596 959 Pacuuius
619 896 700 957 docti
722 897 828 956 famam
852 898 944 975 senia,
968 895 1075 955 hocius
1099 893 1162 974 alti,

447 987 562 1046 Dicitur
585 983 687 1045 hlrani
709 993 777 1064 toga
800 986 977 1044 conuenisse
1000 982 1176 1062 Menandro,

446 1075 569 1136 Plautus
593 1073 629 1134 ad
653 1073 801 1153 exemplar
825 1072 921 1133 Siculi
940 1090 1101 1152 properare
1120 1071 1303 1153 Epicharmi,

447 1164 572 1225 Vincere
597 1162 741 1224 Caecilius
765 1164 924 1243 grauitate,
947 1161 1106 1222 Terentius
1129 1168 1201 1222 arte.

365 1266 399 1316 50
446 1255 508 1314 Η55
532 1253 639 1314 ediscit
661 1259 692 1312 55
714 1252 838 1312 host
792 1260 856 1312 arto
881 1253 987 1330 stipata
1009 1251 1125 1312 theatro

270 1349 308 1389 ⁸*-
328 1341 342 1379 s
449 1345 577 1440 Specta
579 1342 671 1402 Roma
694 1349 814 1422 poleno,
837 1340 926 1401 habet
948 1340 1003 1400 hos
1026 1347 1222 1419 numeratque
1245 1347 1348 1420 poetas

278 1388 329 1521 l‘f
448 1433 490 1494 hd
515 1441 652 1493 nostrum
675 1439 793 1510 tempus
815 1429 883 1490 Liui
906 1431 1061 1509 scriptoris
1084 1428 1121 1489 ab
1145 1447 1228 1489 aeuo.

448 1523 495 1583 lnt
496 1520 601 1581 erdum
625 1519 730 1599 uolgus
754 1528 869 1580 rectum
892 1519 988 1599 uidet3
1012 1527 1058 1579 est
1081 1516 1132 1578 uhi
1155 1525 1266 1598 peccat.

291 1607 298 1622 ’
368 1621 403 1670 54
449 1612 482 1671 Si
504 1618 623 1671 ueteres
646 1610 686 1669 ita
709 1611 834 1668 miratur
856 1607 1014 1687 laudatque
1037 1615 1153 1688 poetas,

448 1699 485 1760 Vt
508 1698 581 1772 nihil
604 1697 761 1778 anteierat,
785 1696 857 1758 nihil
880 1696 937 1757 illis
960 1704 1125 1777 comparet,
1149 1704 1243 1777 errat3

449 1789 482 1850 Si
505 1786 649 1868 quaedam
671 1788 760 1846 mmis
783 1788 917 1866 antique,
941 1788 966 1845 si
989 1785 1129 1864 pleraque
1152 1784 1226 1846 dure

448 1879 553 1939 Dicere
577 1875 673 1936 credit
696 1894 762 1950 eos,
785 1878 891 1954 ignaue
914 1875 1006 1935 multa
1030 1874 1153 1956 latetur,

370 1979 404 2028 68
449 1967 488 2028 Et
510 1968 586 2045 sapit
610 1972 639 2025 et
662 1983 779 2025 mecum
802 1964 872 2024 lacit
895 1971 925 2024 et
947 1963 1017 2024 loue
1041 1963 1152 2024 iudicat
1174 1982 1276 2043 aequo.

448 2057 514 2118 Non
537 2053 676 2134 equidem
699 2057 830 2114 insector
854 2052 1016 2113 delendaue
1040 2055 1170 2113 carmina
1193 2050 1260 2113 Liui

448 2147 521 2207 Esse
545 2161 628 2225 reor,
651 2145 772 2203 memini
795 2160 870 2221 quae
893 2142 1047 2221 plagosum
1069 2141 1143 2202 mihi
1166 2160 1258 2221 paruo

449 2234 596 2296 Orbilium
619 2233 745 2314 dictare,
769 2231 821 2292 sed
845 2231 999 2292 emendata
1021 2231 1119 2291 uideri

371 2336 404 2384 72
450 2323 636 2400 Pulchraque
661 2329 691 2382 et
714 2323 824 2382 exactis
847 2323 1001 2380 minimum
1025 2319 1162 2380 distantia
1185 2321 1285 2380 miror.

449 2416 530 2476 luter
553 2429 628 2490 quae
652 2410 780 2472 uerbum
803 2412 925 2470 emicuit
947 2412 973 2470 si
996 2410 1072 2469 forte
1096 2409 1251 2489 decorum,

450 2505 482 2564 Si
504 2519 612 2561 uersus
635 2500 722 2580 paulo
746 2501 920 2560 concinnior
943 2517 1020 2559 unus
1044 2507 1074 2558 et
1097 2498 1183 2558 alter:

449 2594 561 2653 Iniuste
585 2597 682 2650 totum
705 2590 788 2649 ducit
810 2588 973 2666 uenditque
996 2605 1110 2667 poema.

372 2693 404 2740 75
450 2681 592 2758 Indignor
615 2681 773 2758 quicquam
796 2677 987 2758 reprehendi,
1007 2695 1067 2736 non
1091 2676 1159 2755 quia
1183 2692 1281 2735 crasse

450 2769 654 2847 Compositum
677 2767 845 2846 inlepideuo
868 2773 1003 2847 putetur,
1027 2766 1079 2825 sed
1103 2766 1171 2844 quia
1195 2781 1304 2843 nuper,

450 2859 511 2919 Nec
534 2859 652 2918 ueniam
676 2858 819 2935 antiquis,
839 2855 896 2915 sed
919 2854 1062 2914 honorem
1087 2862 1117 2914 et
1139 2855 1268 2933 praemia
1291 2855 1383 2931 posci.

449 2948 541 3007 Recte
565 2965 658 3006 neone
683 2963 805 3005 crocum
827 2945 976 3023 floresque
999 2942 1185 3023 perambulet
1207 2940 1290 3003 Attae

371 3048 405 3097 80
449 3035 559 3097 Fabula
583 3037 609 3095 si
632 3034 778 3115 dubitem,
802 3034 929 3094 clament
951 3035 1076 3112 periisse
1100 3031 1245 3112 pudorem

451 3126 557 3187 Cuncti
579 3143 672 3204 paene
695 3130 808 3203 patres,
833 3141 866 3182 ea
890 3141 958 3182 cum
982 3121 1201 3201 reprehendere
1226 3139 1331 3200 coner,

450 3216 531 3286 Quae
555 3215 655 3292 grauis
678 3213 826 3293 Aesopus,
850 3230 924 3290 quae
948 3210 1054 3270 doctus
1077 3210 1204 3272 Roscius
1228 3212 1300 3288 egit:

449 3303 501 3363 Vel
525 3305 592 3381 quia
617 3302 658 3363 nil
681 3309 810 3374 rectum,
834 3302 892 3360 nisi
915 3299 993 3378 quod
1016 3299 1128 3378 placuit
1151 3298 1220 3379 sibi,
1244 3298 1371 3378 ducunt,

372 3404 406 3451 84
450 3391 502 3451 Vel
526 3395 595 3470 quia
617 3399 705 3470 turpe
729 3398 834 3468 putant
857 3406 962 3468 parere
987 3388 1165 3469 minoribuS,
1189 3395 1219 3448 et
1242 3406 1317 3466 quae

450 3479 592 3540 lnberbes
616 3479 761 3560 didicere,
785 3497 872 3538 senes
895 3477 1045 3558 perdenda
1068 3479 1162 3538 lateri.

450 3569 511 3628 lam
535 3568 645 3628 Saliare
669 3568 781 3629 Numae
805 3584 925 3627 carmen
949 3569 999 3644 qui
1024 3566 1122 3627 laudat
1145 3574 1175 3627 et
1197 3564 1283 3646 illud,

451 3657 537 3727 Quod
560 3675 677 3718 mecum
700 3659 829 3736 ignorat,
853 3654 934 3716 solus
957 3655 1019 3716 uolt
1042 3658 1118 3716 scire
1143 3656 1251 3735 uideri,

290 3834 503 3844 ...-.----—-—

619 3914 1106 4004 quaerendumne)

362 4065 394 4114 53
410 4061 478 4131 555]
494 4055 610 4114 ernian
646 4060 756 4144 55]555
772 4058 980 4127 0555595555
1011 4056 1234 4112 5555555551555
1299 4054 1440 4110 60551515

290 4136 357 4200 555.
369 4133 456 4185 15555.
489 4131 594 4185 ediscet
607 4126 662 4184 Ro
733 4137 765 4185 53
780 4130 881 4215 uulgus
891 4146 960 4183 5555
994 4129 1119 4197 peccota
1134 4126 1437 4196 555515911555551555

362 4208 394 4257 69
413 4219 448 4255 55
466 4202 530 4271 5Ε9
567 4217 620 4270 que
639 4196 718 4254 15115
719 4196 814 4256 deamo
835 4201 898 4268 Pf.‚·
916 4219 934 4254 5
947 4216 1004 4254 555
1018 4201 1100 4268 liquet
1089 4197 1187 4252 tliui
1204 4215 1240 4269 99
1256 4198 1303 4265 Pf.
1320 4198 1399 4264 Porf.

290 4271 352 4326 liuii
369 4268 487 4327 Fl'dzso
522 4273 578 4327 leui
594 4272 745 4358 5111115555
766 4272 868 4340 Porpb
905 4270 1098 4326 1555151551)
1170 4270 1353 4324 dedecorum
1371 4286 1407 4338 55
1410 4269 1442 4322 E

327 4342 495 4398 decorumet
503 4339 698 4412 9111555555
745 4347 777 4396 75
787 4342 923 4396 Imustum
932 4359 967 4411 59
1018 4335 1206 4396 5755511115
1230 4336 1440 4410 5559555555

363 4420 396 4467 58
415 4415 455 4483 55]
476 4431 508 4468 55
503 4361 568 4484 9Ε9
640 4420 673 4468 79
692 4414 790 4498 neone]
810 4409 902 4468 nel'ol
936 4412 1072 4467 55511555
1093 4428 1224 4498 555559
1260 4411 1443 4480 perambulet

291 4482 365 4535 Ena
395 4483 572 4551 perambulat
582 4479 767 4552 oqulrlaerr'o
826 4491 859 4538 83
870 4484 975 4539 ducunt
984 4478 1100 4553 591115
1102 4483 1193 4538 5155155
1203 4484 1283 4538 schol
1291 4486 1316 4536 Γ
1322 4483 1440 4552 51555159

291 4554 424 4608 1515855551.
461 4553 557 4606 dicunb
574 4554 663 4622 pEar
714 4561 747 4609 87
765 4555 828 4608 5515
846 4571 916 4610 omn.
