3264 5238
793 417 977 464 cnnmmvm

472 563 584 624 Dilecta
609 573 751 642 quantum
777 582 835 623 non
859 563 968 623 Pholoe
993 563 1094 642 lugan,

472 651 538 712 Non
562 652 679 712 Chloris
702 652 768 712 albo
792 655 835 711 sio
858 671 962 712 umero
986 653 1097 732 nitens,

516 741 553 801 Vt
575 760 649 821 pura
674 750 820 801 nocturno
844 740 961 800 renidet

387 843 423 890 20
557 830 640 890 Luna
662 833 737 890 meri
760 827 922 890 Cnidiusue
945 829 1055 908 Gyges:

472 918 568 989 Quem
592 920 616 979 si
638 919 805 998 puellarum
828 921 979 978 insereres
1003 917 1109 998 choro,

473 1007 547 1068 Mire
571 1011 683 1087 sagacis
707 1008 822 1068 falleret
844 1007 978 1087 hospites

517 1096 683 1157 Discrimen
706 1096 868 1156 obscurum
892 1095 997 1156 solutis

392 1197 426 1245 24
561 1185 701 1246 Crinibus
724 1185 922 1264 ambiguoque
945 1182 1038 1244 uoltu.

777 1361 989 1368 -———..-.

863 1504 900 1564 l'l

472 1613 611 1693 Septimi,
634 1613 722 1672 Gadis
746 1613 861 1672 aditure
885 1629 1003 1672 meeum
1026 1623 1057 1672 et

473 1701 653 1763 Cantabrum
675 1701 827 1763 indoctum
851 1703 918 1779 iuga
941 1702 1021 1760 ferre
1044 1709 1146 1761 nostra
1169 1710 1200 1761 et

471 1790 615 1852 Barbarae
641 1791 751 1872 Syrtis,
775 1790 827 1850 ubi
850 1789 950 1850 llaura
975 1807 1094 1869 semper

409 1891 426 1938 4
516 1882 638 1940 Aestuat
661 1879 753 1940 unda:

472 1969 566 2029 Tibur
589 1970 685 2047 Argeo
708 1971 837 2047 positum
859 1968 966 2028 colono

473 2056 518 2118 Sit
541 2076 624 2118 meae
647 2058 733 2118 sedes
756 2061 869 2118 utinam
893 2067 1045 2135 senectae,

473 2145 518 2205 Sit
541 2147 647 2208 modus
670 2146 748 2206 lasso
771 2149 862 2206 maris
885 2156 916 2206 et
938 2149 1056 2206 uiarum

410 2246 426 2294 8
517 2235 705 2314 Militiaeque.

472 2323 554 2384 Vnde
579 2327 603 2384 si
627 2325 736 2385 Pareae
760 2324 921 2404 prohibent
943 2327 1076 2403 iniquae,

472 2413 564 2473 Dulce
587 2414 697 2493 pellitis
720 2412 829 2473 ouibus
852 2412 965 2473 Galaesi

471 2502 596 2563 Flumen
620 2511 650 2562 et
673 2511 794 2581 regnata
816 2511 915 2582 petam
938 2502 1048 2561 Laconi

394 2602 425 2648 12
516 2591 596 2650 Rura
619 2590 790 2652 Phalantho.

471 2678 522 2738 Ille
546 2690 695 2739 terrarum
718 2680 790 2739 mihi
813 2687 932 2760 praeter
956 2682 1051 2740 omnis

472 2767 606 2846 Angulus
629 2769 719 2848 ridet,
743 2768 794 2829 ubi
818 2787 876 2828 non
900 2768 1038 2848 Hymetto

472 2856 557 2916 hlella
580 2857 728 2917 decedunt
752 2858 901 2936 uiridique
926 2867 1020 2918 certat

394 2957 427 3005 10
517 2944 592 3005 liena
615 2945 754 3020 Venafro,

472 3033 530 3093 Ver
553 3034 606 3095 ubi
628 3033 749 3113 longum
772 3036 946 3115 tepidasque
969 3034 1092 3114 praebet
1185 3049 1189 3056 ·

472 3123 605 3202 luppiter
628 3122 750 3183 brumas
773 3134 804 3183 et
827 3126 952 3184 amiotus
976 3124 1071 3184 aulon

471 3211 574 3272 Fertili
597 3211 709 3272 baceho
733 3214 887 3273 minimum
911 3212 1043 3272 Falernis

391 3313 426 3361 20
516 3299 633 3360 Inuidet
655 3304 732 3362 unis.

472 3388 522 3449 llle
546 3397 576 3450 te
600 3408 716 3450 mecum
739 3390 823 3452 loeus
846 3399 876 3450 et
899 3390 1000 3452 beatae
1088 3409 1092 3417 “

472 3477 627 3539 Postulant
649 3497 747 3558 arces,
770 3478 811 3539 ihi
835 3488 868 3540 tu
891 3479 1037 3540 calentem

472 3565 576 3626 Debita
600 3586 720 3646 sparges
744 3567 863 3628 lacrima
888 3568 1016 3627 fauillam
1125 3603 1129 3610 ·

394 3665 428 3713 21
518 3653 598 3714 Vatis
621 3659 716 3715 amici.

429 3859 1337 3952 200200002010010010000200

385 3991 417 4039 19
434 3985 538 4040 renitet
552 4004 571 4039 o
576 4003 622 4054 pr.
632 3981 785 4039 0110οἈ
799 4003 867 4040 erm.
883 3987 910 4039 B
924 4004 986 4040 uer.
1068 3992 1103 4039 20
1121 3985 1168 4057 ue]
1189 3987 1244 4054 qu'e
1262 3989 1297 4038 tu
1315 4001 1378 4053 opp.
1397 3989 1454 4038 cett.

314 4053 393 4124 Pplt!
413 4058 463 4110 Ae.
500 4057 559 4126 gies
578 4054 631 4110 Fe
634 4077 655 4110 π
659 4074 705 4126 pr.
738 4103 740 4106 .

245 4186 253 4196 ,
384 4128 458 4181 110.
496 4132 566 4182 100
587 4131 637 4183 om.
661 4127 731 4181 Fene
818 4135 850 4182 12
878 4129 1034 4197 phelentho
1057 4124 1203 4181 AB'D‘Rl
1252 4127 1420 4196 phalenlol

313 4198 421 4251 salento
453 4216 516 4266 repr.
576 4199 712 4268 pelentho
745 4196 853 4268 appo'p
863 4218 893 4268 p.
908 4217 963 4254 roa.
995 4202 1060 4253 Aer.
1114 4199 1230 4268 palnnlo
1262 4194 1338 4250 Lu'n
1350 4214 1419 4252 eorr.

314 4269 461 4337 pellantho
479 4281 544 4336 appr.
629 4275 660 4324 18
684 4268 789 4323 amicus
810 4287 859 4324 orn.
881 4287 914 4324 πι
936 4272 999 4326 add.
1019 4271 1066 4324 nit.
1085 4288 1120 4324 m.
1166 4268 1271 4324 amiens
1294 4274 1351 4322 cett.
1374 4262 1455 4336 Ppo!

314 4338 429 4393 Seruius
478 4340 596 4394 amictus
619 4340 683 4394 Nic.
703 4341 836 4394 Helonius
854 4343 888 4408 ef.
908 4341 986 4395 Flor.
1006 4341 1018 4394 Ι
1038 4348 1071 4396 10
1096 4341 1202 4394 ‘amicti
1219 4340 1324 4393 ultibus
1342 4339 1454 4392 montes’

350 4411 432 4464 aleon
449 4428 470 4462 0
501 4414 507 4432 ‘
542 4417 574 4463 19
600 4409 700 4465 Fertili
717 4408 959 4481 A'pB'D'Ro‘e‘u'
981 4407 1059 4481 Pplr.'
1105 4411 1217 4466 Fertihs
1235 4407 1285 4464 Ft'
1306 4410 1421 4464 Seruios

313 4476 671 4548 minimumA'yRD'Rl'n
680 4479 872 4550 Porplt.'Aer.‘
900 4484 1016 4538 niminm
1025 4478 1222 4550 Fo'Lu'Pplt.‘
1274 4487 1308 4534 22
1317 4480 1365 4534 ubi
1373 4477 1427 4533 Fr
1429 4476 1457 4534 κ’

385 4557 419 4604 24
440 4551 567 4620 ‘Lepitur
585 4558 609 4604 et
627 4555 702 4606 uatis
720 4555 815 4606 oratii’
835 4555 913 4620 ploos.
925 4551 1056 4607 Fl'eons.
1078 4549 1189 4622 Porph!
