3264 5238
783 377 967 427 cunuluvm

462 530 523 592 Hae
554 541 582 592 te
607 537 784 609 merentem,
807 525 922 587 Bacche
945 533 1044 604 pater,
1068 529 1134 582 tuae

465 619 576 680 Verere
601 620 693 697 tigres
717 617 839 677 indocili
862 619 964 693 iugum

510 709 591 769 Collo
615 707 780 786 trahentes3
804 705 859 764 lrac
883 703 1026 774 Quirinus

387 810 419 856 16
555 796 656 856 Martis
680 797 765 874 equis
788 793 955 852 Acheronta
978 790 1067 868 fugit,

466 887 589 948 Gratum
613 885 727 944 elocuta
751 879 976 943 consiliantibus

465 976 577 1036 lunone
602 973 692 1034 diuis:
717 968 818 1051 ‘llion,
841 970 915 1031 Ilion

511 1063 618 1124 Fatalis
642 1065 833 1138 incestusque
856 1059 945 1119 iudex

387 1165 421 1212 20
556 1151 593 1211 Et
617 1150 723 1212 mulier
745 1150 903 1228 peregriua
927 1147 1018 1207 uertit

465 1242 498 1302 lu
521 1240 692 1320 puluerem,
716 1258 751 1298 ex
775 1257 834 1317 quo
858 1237 993 1297 destituit
1016 1233 1088 1294 deos

464 1329 601 1390 Mercede
625 1336 709 1407 pacta
733 1326 916 1404 Laomedon,
939 1323 1010 1384 mibi

511 1419 674 1495 Castaeque
697 1416 869 1476 damnatum
892 1413 1043 1472 ltlineruae

386 1519 421 1566 ‘24
556 1505 631 1566 Cum
653 1503 762 1584 populo
786 1513 816 1563 et
841 1504 916 1564 duce
939 1498 1136 1561 fraudulento.

468 1597 527 1656 lam
551 1614 605 1656 nec
629 1593 777 1654 Lacaenae
802 1591 937 1671 splendet
960 1587 1109 1649 adulterae

467 1685 610 1745 l'amosus
635 1682 743 1761 hospes
766 1701 822 1742 nec
846 1680 954 1740 Priami
978 1678 1083 1739 domus

512 1773 637 1832 Perinra
659 1789 810 1851 pugnaees
834 1769 962 1828 Achiuos

388 1873 421 1920 28
557 1859 713 1920 Hectoreis
737 1858 843 1938 opibus
867 1858 1018 1934 refringit,

468 1951 644 2027 Nostrisque
669 1948 791 2008 ductum
816 1943 1012 2007 seditionibus

469 2039 584 2098 Bellum
607 2036 726 2098 resedit.
750 2039 887 2115 protinus
912 2043 941 2094 et
964 2033 1064 2110 grauis

514 2127 576 2187 lras
599 2135 629 2186 et
652 2127 783 2185 inuisum
806 2133 960 2203 nepotem,

390 2228 424 2276 32
559 2215 665 2274 Troica
687 2233 777 2292 quem
800 2214 918 2292 peperit
940 2207 1092 2288 sacerdos,

469 2304 555 2364 Marti
578 2301 742 2382 redonabo,
765 2301 849 2362 illum
872 2319 926 2378 ego
950 2296 1062 2358 lucidas

469 2393 547 2452 lnire
572 2391 673 2471 sedeS,
696 2390 812 2450 discere
837 2391 964 2448 nectaris

515 2481 610 2540 Sucos
634 2488 664 2539 et
688 2478 817 2538 adscribi
840 2478 949 2556 quietis

391 2582 424 2629 36
560 2567 721 2628 Ordinibus
745 2569 840 2646 patiar·
863 2565 995 2625 deorum.

471 2657 546 2716 Dum
571 2656 676 2734 longus
700 2659 778 2715 inter
802 2657 914 2715 saeuiat
938 2652 1010 2713 llion

471 2746 652 2823 Romamque
675 2754 799 2824 pontus,
822 2741 953 2821 qualibet
976 2736 1079 2800 exules

516 2834 549 2893 ln
572 2841 656 2912 parte
682 2841 826 2910 regnanto
851 2831 943 2910 beati3

392 2935 426 2983 40
561 2921 636 2981 llum
660 2921 770 2982 Priami
794 2919 967 2997 Paridisque
990 2916 1078 2976 busto

473 3010 598 3070 lrrsultet
621 3016 789 3069 armentum
813 3017 843 3068 et
866 3007 979 3068 catulos
1004 3006 1083 3064 lerae

473 3098 576 3160 Celent
599 3098 724 3178 inultae,
748 3105 807 3157 stet
831 3095 1006 3174 Capitolium

518 3187 646 3264 Fulgeus
672 3185 918 3265 triumphatisque
942 3184 1036 3262 possit

394 3288 428 3334 ll
562 3275 654 3334 Roma
679 3276 762 3356 ferox
786 3273 856 3333 dare
880 3275 943 3332 iura
967 3269 1068 3330 Medis.

391 3385 395 3396 ·
474 3363 625 3422 Horrenda
651 3364 707 3422 late
731 3380 839 3422 nomen
862 3364 892 3422 iu
917 3360 1034 3419 ultimas

473 3451 619 3511 Extendat
643 3469 723 3531 oras,
746 3469 804 3529 qua
827 3449 944 3508 medius
966 3447 1063 3526 liquor

520 3539 656 3599 Secernit
678 3538 819 3616 Europen
842 3537 878 3597 ab
903 3538 987 3615 rllro,

395 3640 429 3685 48
565 3627 628 3696 Qua
653 3627 784 3688 tumidus
807 3629 883 3704 rigat
906 3643 976 3684 arua
1000 3622 1096 3702 Nilus,

475 3715 587 3772 Aurum
610 3718 794 3793 inrepertum
819 3717 914 3774 etsie
939 3712 1044 3772 melius
1067 3712 1169 3788 situm,

476 3802 549 3861 Cum
574 3811 655 3862 terra
678 3802 765 3882 celat,
789 3820 931 3880 spernere
956 3802 1061 3860 lorber

521 3889 615 3960 Oetam
639 3908 745 3968 cogere
770 3891 914 3950 humanos
937 3892 968 3948 in
991 3907 1064 3948 usus

397 3992 429 4040 52
566 3977 659 4039 Omne
684 3997 802 4039 sacrum
824 3980 957 4057 rapiente
982 3977 1098 4056 dextra,

316 4129 529 4136 μ’..

538 4199 1242 4306 A‘uaucaunirer)oleumcum

391 4365 421 4411 17
445 4357 621 4425 Porphyrion
640 4363 735 4411 aanor
753 4363 791 4411 eet
808 4358 893 4423 fuisse
912 4359 959 4424 qui
979 4358 1041 4410 iude
1059 4357 1093 4410 ab
1107 4359 1155 4410 lroe
1174 4373 1256 4410 rtem
1275 4373 1377 4410 nonam
1396 4358 1469 4410 oden

319 4431 441 4495 incipere
460 4427 663 4480 arbitrarentur
731 4435 765 4481 34
784 4428 890 4481 discere
904 4423 1143 4494 pOcRFd‘n'uA'e
1159 4428 1261 4495 Porpb.
1276 4428 1326 4480 Ac.
1364 4427 1472 4481 ducere

319 4495 395 4555 A'c‘v
474 4505 507 4550 46
527 4499 658 4550 extendet
677 4500 726 4550 Ac.
769 4497 902 4552 Extendit
921 4500 969 4565 (an
987 4497 1153 4566 Extendett)
1173 4500 1202 4550 dr
1245 4497 1389 4552 Extendat
1406 4503 1470 4554 cett.
