<?xml version="1.0" encoding="UTF-8"?>
<!DOCTYPE html PUBLIC "-//W3C//DTD XHTML 1.0 Transitional//EN"
    "http://www.w3.org/TR/xhtml1/DTD/xhtml1-transitional.dtd">
<html xmlns="http://www.w3.org/1999/xhtml" xml:lang="en" lang="en">
 <head>
  <title>
</title>
<meta http-equiv="Content-Type" content="text/html;charset=utf-8" />
  <meta name='ocr-system' content='tesseract 3.04.00' />
  <meta name='ocr-capabilities' content='ocr_page ocr_carea ocr_par ocr_line ocrx_word'/>
</head>
<body>
  <div class='ocr_page' id='page_1' title='image "./qhoratiflacciop00kellgoog_0223.png"; bbox 0 0 3226 5238; ppageno 0'>
   <div class='ocr_carea' id='block_1_1' title="bbox 544 352 887 421">
    <p class='ocr_par' dir='ltr' id='par_1_1' title="bbox 544 352 887 421">
     <span class='ocr_line' id='line_1_1' title="bbox 544 352 887 421; baseline 0 -21"><span class='ocrx_word' id='word_1_1' title='bbox 544 355 610 402; x_wconf 82' lang='lat' dir='ltr'>mn.</span> <span class='ocrx_word' id='word_1_2' title='bbox 624 355 649 421; x_wconf 91' lang='lat'>1,</span> <span class='ocrx_word' id='word_1_3' title='bbox 665 352 840 420; x_wconf 79' lang='lat' dir='ltr'>1c,ss—1r,</span> <span class='ocrx_word' id='word_1_4' title='bbox 856 352 887 400; x_wconf 80' lang='lat'>19</span> 
     </span>
    </p>
   </div>
   <div class='ocr_carea' id='block_1_2' title="bbox 220 500 1259 1450">
    <p class='ocr_par' dir='ltr' id='par_1_2' title="bbox 220 500 1259 1450">
     <span class='ocr_line' id='line_1_2' title="bbox 304 500 1095 580; baseline 0.001 -20"><span class='ocrx_word' id='word_1_5' title='bbox 304 501 436 563; x_wconf 80' lang='lat' dir='ltr'><strong>Vendere</strong></span> <span class='ocrx_word' id='word_1_6' title='bbox 461 518 529 560; x_wconf 91' lang='lat' dir='ltr'>cum</span> <span class='ocrx_word' id='word_1_7' title='bbox 551 502 648 579; x_wconf 88' lang='lat' dir='ltr'>possis</span> <span class='ocrx_word' id='word_1_8' title='bbox 673 501 837 580; x_wconf 89' lang='lat' dir='ltr'>captiuum,</span> <span class='ocrx_word' id='word_1_9' title='bbox 861 500 996 560; x_wconf 86' lang='lat' dir='ltr'>occidere</span> <span class='ocrx_word' id='word_1_10' title='bbox 1021 501 1095 562; x_wconf 87' lang='lat' dir='ltr'>noli:</span> 
     </span>
     <span class='ocr_line' id='line_1_3' title="bbox 303 588 1061 670; baseline 0 -20"><span class='ocrx_word' id='word_1_11' title='bbox 303 589 571 651; x_wconf 86' lang='lat' dir='ltr'>Seruietutiliter:</span> <span class='ocrx_word' id='word_1_12' title='bbox 595 590 658 648; x_wconf 93' lang='lat' dir='ltr'>sine</span> <span class='ocrx_word' id='word_1_13' title='bbox 682 596 785 667; x_wconf 89' lang='lat' dir='ltr'>pascat</span> <span class='ocrx_word' id='word_1_14' title='bbox 807 588 900 648; x_wconf 86' lang='lat' dir='ltr'>durus</span> <span class='ocrx_word' id='word_1_15' title='bbox 924 596 1061 670; x_wconf 87' lang='lat' dir='ltr'>aretque,</span> 
     </span>
     <span class='ocr_line' id='line_1_4' title="bbox 301 673 1097 759; baseline 0 -21"><span class='ocrx_word' id='word_1_16' title='bbox 301 678 426 758; x_wconf 83' lang='lat' dir='ltr'>Nauiget</span> <span class='ocrx_word' id='word_1_17' title='bbox 449 697 482 738; x_wconf 89' lang='lat' dir='ltr'>ac</span> <span class='ocrx_word' id='word_1_18' title='bbox 508 677 613 738; x_wconf 89' lang='lat' dir='ltr'>mediis</span> <span class='ocrx_word' id='word_1_19' title='bbox 636 677 747 738; x_wconf 81' lang='lat' dir='ltr'>hiemet</span> <span class='ocrx_word' id='word_1_20' title='bbox 769 673 917 738; x_wconf 78' lang='lat' dir='ltr'>m&#39;ercatcr</span> <span class='ocrx_word' id='word_1_21' title='bbox 940 679 970 737; x_wconf 97' lang='lat' dir='ltr'>in</span> <span class='ocrx_word' id='word_1_22' title='bbox 995 677 1097 759; x_wconf 77' lang='lat' dir='ltr'>trudis,</span> 
     </span>
     <span class='ocr_line' id='line_1_5' title="bbox 220 767 1058 847; baseline -0.001 -18"><span class='ocrx_word' id='word_1_23' title='bbox 220 781 256 829; x_wconf 80' lang='lat'>‘12</span> <span class='ocrx_word' id='word_1_24' title='bbox 303 768 443 827; x_wconf 79' lang='lat' dir='ltr'>Annonae</span> <span class='ocrx_word' id='word_1_25' title='bbox 467 769 575 847; x_wconf 82' lang='lat' dir='ltr'><strong>prosit,</strong></span> <span class='ocrx_word' id='word_1_26' title='bbox 598 774 697 845; x_wconf 92' lang='lat' dir='ltr'>portet</span> <span class='ocrx_word' id='word_1_27' title='bbox 721 767 869 826; x_wconf 81' lang='lat' dir='ltr'>frumenta</span> <span class='ocrx_word' id='word_1_28' title='bbox 894 785 1058 845; x_wconf 87' lang='lat' dir='ltr'>penusque.</span> 
     </span>
     <span class='ocr_line' id='line_1_6' title="bbox 282 847 1134 937; baseline 0.004 -24"><span class='ocrx_word' id='word_1_29' title='bbox 282 847 353 916; x_wconf 55' lang='lat' dir='ltr'>&#39;Vir</span> <span class='ocrx_word' id='word_1_30' title='bbox 376 854 474 917; x_wconf 89' lang='lat' dir='ltr'>bonus</span> <span class='ocrx_word' id='word_1_31' title='bbox 498 863 528 916; x_wconf 89' lang='lat' dir='ltr'>et</span> <span class='ocrx_word' id='word_1_32' title='bbox 551 857 668 934; x_wconf 88' lang='lat' dir='ltr'>sapiens</span> <span class='ocrx_word' id='word_1_33' title='bbox 693 854 812 915; x_wconf 82' lang='lat' dir='ltr'>audebit</span> <span class='ocrx_word' id='word_1_34' title='bbox 836 853 949 916; x_wconf 82' lang='lat' dir='ltr'>dicere:</span> <span class='ocrx_word' id='word_1_35' title='bbox 974 851 1134 937; x_wconf 77' lang='lat' dir='ltr'>‘Pentheu,</span> 
     </span>
     <span class='ocr_line' id='line_1_7' title="bbox 301 943 1084 1024; baseline 0 -20"><span class='ocrx_word' id='word_1_36' title='bbox 301 944 411 1005; x_wconf 87' lang='lat' dir='ltr'>Rector</span> <span class='ocrx_word' id='word_1_37' title='bbox 434 943 618 1024; x_wconf 80' lang='lat' dir='ltr'>Thebarum,</span> <span class='ocrx_word' id='word_1_38' title='bbox 641 944 713 1022; x_wconf 94' lang='lat' dir='ltr'>quid</span> <span class='ocrx_word' id='word_1_39' title='bbox 737 961 783 1004; x_wconf 92' lang='lat' dir='ltr'>me</span> <span class='ocrx_word' id='word_1_40' title='bbox 807 944 941 1023; x_wconf 82' lang='lat' dir='ltr'>perferre</span> <span class='ocrx_word' id='word_1_41' title='bbox 965 946 1084 1023; x_wconf 88' lang='lat' dir='ltr'>patique</span> 
     </span>
     <span class='ocr_line' id='line_1_8' title="bbox 301 1027 1259 1115; baseline 0.001 -23"><span class='ocrx_word' id='word_1_42' title='bbox 301 1033 458 1112; x_wconf 85' lang='lat' dir='ltr'>Indignum</span> <span class='ocrx_word' id='word_1_43' title='bbox 482 1028 605 1111; x_wconf 58' lang='lat' dir='ltr'>coges?</span> <span class='ocrx_word' id='word_1_44' title='bbox 629 1027 766 1093; x_wconf 71' lang='lat' dir='ltr'>‘adimam</span> <span class='ocrx_word' id='word_1_45' title='bbox 790 1027 886 1092; x_wconf 91' lang='lat' dir='ltr'>bona’.</span> <span class='ocrx_word' id='word_1_46' title='bbox 911 1027 1028 1112; x_wconf 79' lang='lat' dir='ltr'>‘nempe</span> <span class='ocrx_word' id='word_1_47' title='bbox 1052 1033 1158 1114; x_wconf 74' lang='lat' dir='ltr'>pecu&#39;S,</span> <span class='ocrx_word' id='word_1_48' title='bbox 1181 1052 1259 1115; x_wconf 91' lang='lat' dir='ltr'>rem,</span> 
     </span>
     <span class='ocr_line' id='line_1_9' title="bbox 221 1115 1131 1202; baseline 0.001 -20"><span class='ocrx_word' id='word_1_49' title='bbox 221 1135 255 1184; x_wconf 78' lang='lat'>76</span> <span class='ocrx_word' id='word_1_50' title='bbox 302 1121 423 1202; x_wconf 82' lang='lat' dir='ltr'>Lectos,</span> <span class='ocrx_word' id='word_1_51' title='bbox 447 1130 618 1200; x_wconf 83' lang='lat' dir='ltr'>argentum:</span> <span class='ocrx_word' id='word_1_52' title='bbox 641 1120 727 1181; x_wconf 84' lang='lat' dir='ltr'>tollas</span> <span class='ocrx_word' id='word_1_53' title='bbox 750 1115 841 1182; x_wconf 70' lang='lat' dir='ltr'>iicet?</span> <span class='ocrx_word' id='word_1_54' title='bbox 887 1116 929 1181; x_wconf 77' lang='lat' dir='ltr'>‘in</span> <span class='ocrx_word' id='word_1_55' title='bbox 953 1123 1076 1182; x_wconf 91' lang='lat' dir='ltr'>manicis</span> <span class='ocrx_word' id='word_1_56' title='bbox 1101 1132 1131 1183; x_wconf 91' lang='lat' dir='ltr'>et</span> 
     </span>
     <span class='ocr_line' id='line_1_10' title="bbox 296 1205 1110 1290; baseline -0.001 -20"><span class='ocrx_word' id='word_1_57' title='bbox 296 1209 501 1290; x_wconf 72' lang='lat' dir='ltr'>,Compedibus</span> <span class='ocrx_word' id='word_1_58' title='bbox 526 1229 615 1270; x_wconf 90' lang='lat' dir='ltr'>saeuo</span> <span class='ocrx_word' id='word_1_59' title='bbox 640 1219 669 1271; x_wconf 89' lang='lat' dir='ltr'>tc</span> <span class='ocrx_word' id='word_1_60' title='bbox 694 1209 749 1270; x_wconf 90' lang='lat' dir='ltr'>sub</span> <span class='ocrx_word' id='word_1_61' title='bbox 770 1209 893 1270; x_wconf 90' lang='lat' dir='ltr'>custode</span> <span class='ocrx_word' id='word_1_62' title='bbox 918 1205 1047 1271; x_wconf 71' lang='lat' dir='ltr'>tenebo?</span> <span class='ocrx_word' id='word_1_63' title='bbox 1109 1265 1110 1269; x_wconf 75' lang='grc'>,</span> 
     </span>
     <span class='ocr_line' id='line_1_11' title="bbox 303 1294 1205 1381; baseline 0.002 -23"><span class='ocrx_word' id='word_1_64' title='bbox 303 1294 379 1378; x_wconf 76' lang='lat' dir='ltr'>‘lpse</span> <span class='ocrx_word' id='word_1_65' title='bbox 404 1300 492 1380; x_wconf 90' lang='lat' dir='ltr'>deus,</span> <span class='ocrx_word' id='word_1_66' title='bbox 516 1299 715 1378; x_wconf 89' lang='lat' dir='ltr'>simulatque</span> <span class='ocrx_word' id='word_1_67' title='bbox 739 1297 850 1381; x_wconf 88' lang='lat' dir='ltr'>uolam,</span> <span class='ocrx_word' id='word_1_68' title='bbox 874 1318 920 1360; x_wconf 90' lang='lat' dir='ltr'>me</span> <span class='ocrx_word' id='word_1_69' title='bbox 945 1294 1061 1360; x_wconf 87' lang='lat' dir='ltr'>soluet’</span> <span class='ocrx_word' id='word_1_70' title='bbox 1086 1302 1205 1381; x_wconf 90' lang='lat' dir='ltr'>opinor,</span> 
     </span>
     <span class='ocr_line' id='line_1_12' title="bbox 301 1383 1200 1450; baseline -0.001 -3"><span class='ocrx_word' id='word_1_71' title='bbox 301 1387 363 1448; x_wconf 92' lang='lat' dir='ltr'>Hoc</span> <span class='ocrx_word' id='word_1_72' title='bbox 388 1391 478 1450; x_wconf 87' lang='lat' dir='ltr'>sentit</span> <span class='ocrx_word' id='word_1_73' title='bbox 503 1383 645 1449; x_wconf 77' lang='lat' dir='ltr'>‘moriar&#39;.</span> <span class='ocrx_word' id='word_1_74' title='bbox 691 1405 772 1448; x_wconf 92' lang='lat' dir='ltr'>mors</span> <span class='ocrx_word' id='word_1_75' title='bbox 795 1387 898 1449; x_wconf 84' lang='lat' dir='ltr'>ultima</span> <span class='ocrx_word' id='word_1_76' title='bbox 920 1388 997 1448; x_wconf 94' lang='lat' dir='ltr'>linea</span> <span class='ocrx_word' id='word_1_77' title='bbox 1021 1407 1130 1448; x_wconf 86' lang='lat' dir='ltr'>rerum·</span> <span class='ocrx_word' id='word_1_78' title='bbox 1147 1396 1200 1450; x_wconf 86' lang='lat' dir='ltr'>est.</span> 
     </span>
    </p>
   </div>
   <div class='ocr_carea' id='block_1_3' title="bbox 608 1625 821 1632">
    <p class='ocr_par' dir='ltr' id='par_1_3' title="bbox 608 1625 821 1632">
     <span class='ocr_line' id='line_1_13' title="bbox 608 1625 821 1632; baseline 0 0"><span class='ocrx_word' id='word_1_79' title='bbox 608 1625 821 1632; x_wconf 48' lang='grc' dir='ltr'><strong>Ἥ</strong></span> 
     </span>
    </p>
   </div>
   <div class='ocr_carea' id='block_1_4' title="bbox 673 1847 753 1909">
    <p class='ocr_par' dir='ltr' id='par_1_4' title="bbox 673 1847 753 1909">
     <span class='ocr_line' id='line_1_14' title="bbox 673 1847 753 1909; baseline 0 0"><span class='ocrx_word' id='word_1_80' title='bbox 673 1847 753 1909; x_wconf 87' lang='lat' dir='ltr'>-XVll</span> 
     </span>
    </p>
   </div>
   <div class='ocr_carea' id='block_1_5' title="bbox 223 1972 1214 3651">
    <p class='ocr_par' dir='ltr' id='par_1_5' title="bbox 223 1972 1214 3651">
     <span class='ocr_line' id='line_1_15' title="bbox 304 1972 1214 2055; baseline 0.001 -21"><span class='ocrx_word' id='word_1_81' title='bbox 304 1973 458 2054; x_wconf 77' lang='lat' dir='ltr'>QuamuiS,</span> <span class='ocrx_word' id='word_1_82' title='bbox 483 1974 609 2053; x_wconf 89' lang='lat' dir='ltr'>Scaeua,</span> <span class='ocrx_word' id='word_1_83' title='bbox 633 1975 704 2034; x_wconf 90' lang='lat' dir='ltr'>satis</span> <span class='ocrx_word' id='word_1_84' title='bbox 726 1992 781 2052; x_wconf 89' lang='lat' dir='ltr'>per</span> <span class='ocrx_word' id='word_1_85' title='bbox 804 1981 834 2033; x_wconf 87' lang='lat' dir='ltr'>te</span> <span class='ocrx_word' id='word_1_86' title='bbox 857 1972 911 2034; x_wconf 87' lang='lat' dir='ltr'>tibi</span> <span class='ocrx_word' id='word_1_87' title='bbox 935 1973 1066 2034; x_wconf 87' lang='lat' dir='ltr'>consulis</span> <span class='ocrx_word' id='word_1_88' title='bbox 1089 1982 1119 2034; x_wconf 87' lang='lat' dir='ltr'>et</span> <span class='ocrx_word' id='word_1_89' title='bbox 1142 1977 1214 2055; x_wconf 81' lang='lat' dir='ltr'>scie,</span> 
     </span>
     <span class='ocr_line' id='line_1_16' title="bbox 265 2060 1013 2148; baseline 0.001 -26"><span class='ocrx_word' id='word_1_90' title='bbox 265 2135 268 2148; x_wconf 40' lang='grc' dir='ltr'>Ι</span> <span class='ocrx_word' id='word_1_91' title='bbox 303 2062 367 2132; x_wconf 82' lang='lat' dir='ltr'>Quo</span> <span class='ocrx_word' id='word_1_92' title='bbox 392 2062 511 2123; x_wconf 87' lang='lat' dir='ltr'>tandem</span> <span class='ocrx_word' id='word_1_93' title='bbox 534 2070 620 2142; x_wconf 88' lang='lat' dir='ltr'>pacto</span> <span class='ocrx_word' id='word_1_94' title='bbox 645 2062 748 2122; x_wconf 88' lang='lat' dir='ltr'>deceat</span> <span class='ocrx_word' id='word_1_95' title='bbox 771 2060 932 2122; x_wconf 87' lang='lat' dir='ltr'>maioribus</span> <span class='ocrx_word' id='word_1_96' title='bbox 956 2065 1013 2123; x_wconf 92' lang='lat' dir='ltr'>uti:</span> 
     </span>
     <span class='ocr_line' id='line_1_17' title="bbox 303 2150 1214 2232; baseline 0.003 -22"><span class='ocrx_word' id='word_1_97' title='bbox 303 2150 402 2232; x_wconf 85' lang='lat' dir='ltr'>Disce,</span> <span class='ocrx_word' id='word_1_98' title='bbox 426 2152 577 2212; x_wconf 91' lang='lat' dir='ltr'>docendus</span> <span class='ocrx_word' id='word_1_99' title='bbox 597 2151 693 2212; x_wconf 89' lang='lat' dir='ltr'>adhuc</span> <span class='ocrx_word' id='word_1_100' title='bbox 717 2169 792 2230; x_wconf 88' lang='lat' dir='ltr'>quae</span> <span class='ocrx_word' id='word_1_101' title='bbox 817 2158 919 2211; x_wconf 89' lang='lat' dir='ltr'>censet</span> <span class='ocrx_word' id='word_1_102' title='bbox 942 2151 1099 2231; x_wconf 89' lang='lat' dir='ltr'>amiculus,</span> <span class='ocrx_word' id='word_1_103' title='bbox 1123 2160 1157 2213; x_wconf 95' lang='lat' dir='ltr'>ut</span> <span class='ocrx_word' id='word_1_104' title='bbox 1180 2155 1214 2213; x_wconf 56' lang='lat' dir='ltr'>si*</span> 
     </span>
     <span class='ocr_line' id='line_1_18' title="bbox 240 2239 1163 2320; baseline 0 -20"><span class='ocrx_word' id='word_1_105' title='bbox 240 2253 257 2300; x_wconf 87' lang='lat'>4</span> <span class='ocrx_word' id='word_1_106' title='bbox 304 2239 416 2300; x_wconf 83' lang='lat' dir='ltr'>Caecus</span> <span class='ocrx_word' id='word_1_107' title='bbox 439 2243 497 2302; x_wconf 89' lang='lat' dir='ltr'>iter</span> <span class='ocrx_word' id='word_1_108' title='bbox 511 2243 686 2300; x_wconf 88' lang='lat' dir='ltr'>&#39;monstrare</span> <span class='ocrx_word' id='word_1_109' title='bbox 710 2239 796 2320; x_wconf 76' lang='lat' dir='ltr'>stelit,</span> <span class='ocrx_word' id='word_1_110' title='bbox 819 2246 919 2300; x_wconf 89' lang='lat' dir='ltr'>tamen</span> <span class='ocrx_word' id='word_1_111' title='bbox 943 2241 1041 2318; x_wconf 90' lang='lat' dir='ltr'>aspice</span> <span class='ocrx_word' id='word_1_112' title='bbox 1065 2241 1163 2318; x_wconf 89' lang='lat' dir='ltr'>siquid</span> 
     </span>
     <span class='ocr_line' id='line_1_19' title="bbox 302 2328 1159 2409; baseline 0.004 -21"><span class='ocrx_word' id='word_1_113' title='bbox 302 2328 339 2388; x_wconf 89' lang='lat' dir='ltr'>Et</span> <span class='ocrx_word' id='word_1_114' title='bbox 363 2348 433 2409; x_wconf 92' lang='lat' dir='ltr'>nos,</span> <span class='ocrx_word' id='word_1_115' title='bbox 457 2329 536 2408; x_wconf 94' lang='lat' dir='ltr'>quod</span> <span class='ocrx_word' id='word_1_116' title='bbox 561 2348 649 2392; x_wconf 90' lang='lat' dir='ltr'>cures</span> <span class='ocrx_word' id='word_1_117' title='bbox 672 2331 826 2408; x_wconf 89' lang='lat' dir='ltr'>proprium</span> <span class='ocrx_word' id='word_1_118' title='bbox 851 2329 972 2409; x_wconf 86' lang='lat' dir='ltr'>fecisse,</span> <span class='ocrx_word' id='word_1_119' title='bbox 994 2328 1159 2407; x_wconf 81' lang='lat' dir='ltr'>loquamur.</span> 
     </span>
     <span class='ocr_line' id='line_1_20' title="bbox 303 2417 1129 2500; baseline 0 -24"><span class='ocrx_word' id='word_1_120' title='bbox 303 2417 334 2476; x_wconf 88' lang='lat' dir='ltr'>Si</span> <span class='ocrx_word' id='word_1_121' title='bbox 357 2425 392 2478; x_wconf 68' lang='lat' dir='ltr'>to</span> <span class='ocrx_word' id='word_1_122' title='bbox 410 2426 492 2496; x_wconf 86' lang='lat' dir='ltr'>grata</span> <span class='ocrx_word' id='word_1_123' title='bbox 516 2420 601 2496; x_wconf 91' lang='lat' dir='ltr'>quies</span> <span class='ocrx_word' id='word_1_124' title='bbox 625 2425 654 2477; x_wconf 89' lang='lat' dir='ltr'>et</span> <span class='ocrx_word' id='word_1_125' title='bbox 678 2419 804 2496; x_wconf 89' lang='lat' dir='ltr'>primam</span> <span class='ocrx_word' id='word_1_126' title='bbox 828 2418 1003 2500; x_wconf 67' lang='lat' dir='ltr'>somnusin</span> <span class='ocrx_word' id='word_1_127' title='bbox 1026 2417 1129 2476; x_wconf 92' lang='lat' dir='ltr'>horam</span> 
     </span>
     <span class='ocr_line' id='line_1_21' title="bbox 301 2505 1067 2587; baseline 0.001 -23"><span class='ocrx_word' id='word_1_128' title='bbox 301 2505 446 2587; x_wconf 85' lang='lat' dir='ltr'>Delectat,</span> <span class='ocrx_word' id='word_1_129' title='bbox 470 2508 496 2566; x_wconf 91' lang='lat' dir='ltr'>si</span> <span class='ocrx_word' id='word_1_130' title='bbox 518 2514 548 2567; x_wconf 92' lang='lat' dir='ltr'>te</span> <span class='ocrx_word' id='word_1_131' title='bbox 572 2507 671 2585; x_wconf 93' lang='lat' dir='ltr'>puluis</span> <span class='ocrx_word' id='word_1_132' title='bbox 696 2508 897 2585; x_wconf 89' lang='lat' dir='ltr'>strepitusque</span> <span class='ocrx_word' id='word_1_133' title='bbox 921 2513 1067 2587; x_wconf 90' lang='lat' dir='ltr'>rotarum,</span> 
     </span>
     <span class='ocr_line' id='line_1_22' title="bbox 240 2592 1044 2674; baseline 0 -20"><span class='ocrx_word' id='word_1_134' title='bbox 240 2607 257 2654; x_wconf 87' lang='lat'>8</span> <span class='ocrx_word' id='word_1_135' title='bbox 304 2593 335 2654; x_wconf 89' lang='lat' dir='ltr'>Si</span> <span class='ocrx_word' id='word_1_136' title='bbox 358 2593 448 2656; x_wconf 86' lang='lat' dir='ltr'>laedit</span> <span class='ocrx_word' id='word_1_137' title='bbox 471 2613 617 2674; x_wconf 89' lang='lat' dir='ltr'>caupona,</span> <span class='ocrx_word' id='word_1_138' title='bbox 641 2594 835 2655; x_wconf 85' lang='lat' dir='ltr'>Ferentinum</span> <span class='ocrx_word' id='word_1_139' title='bbox 858 2595 902 2653; x_wconf 93' lang='lat' dir='ltr'>ire</span> <span class='ocrx_word' id='word_1_140' title='bbox 926 2592 1044 2660; x_wconf 86' lang='lat' dir='ltr'>iubebo.</span> 
     </span>
     <span class='ocr_line' id='line_1_23' title="bbox 302 2681 1100 2764; baseline 0.001 -22"><span class='ocrx_word' id='word_1_141' title='bbox 302 2681 375 2743; x_wconf 89' lang='lat' dir='ltr'>Nam</span> <span class='ocrx_word' id='word_1_142' title='bbox 398 2702 496 2763; x_wconf 88' lang='lat' dir='ltr'>neque</span> <span class='ocrx_word' id='word_1_143' title='bbox 521 2683 664 2744; x_wconf 87' lang='lat' dir='ltr'>diuitibus</span> <span class='ocrx_word' id='word_1_144' title='bbox 688 2685 865 2762; x_wconf 83' lang='lat' dir='ltr'>contingunt</span> <span class='ocrx_word' id='word_1_145' title='bbox 888 2682 993 2762; x_wconf 83' lang='lat' dir='ltr'>gaudia</span> <span class='ocrx_word' id='word_1_146' title='bbox 1017 2683 1100 2764; x_wconf 77' lang='lat' dir='ltr'>soliS,</span> 
     </span>
     <span class='ocr_line' id='line_1_24' title="bbox 301 2771 1110 2852; baseline 0 -21"><span class='ocrx_word' id='word_1_147' title='bbox 301 2771 362 2832; x_wconf 90' lang='lat' dir='ltr'>Nec</span> <span class='ocrx_word' id='word_1_148' title='bbox 386 2774 461 2833; x_wconf 84' lang='lat' dir='ltr'>uixit</span> <span class='ocrx_word' id='word_1_149' title='bbox 484 2773 572 2847; x_wconf 89' lang='lat' dir='ltr'>male,</span> <span class='ocrx_word' id='word_1_150' title='bbox 597 2775 759 2852; x_wconf 80' lang='lat' dir='ltr'>quinctus</span> <span class='ocrx_word' id='word_1_151' title='bbox 783 2774 973 2850; x_wconf 87' lang='lat' dir='ltr'>moriensque</span> <span class='ocrx_word' id='word_1_152' title='bbox 997 2772 1110 2832; x_wconf 88' lang='lat' dir='ltr'>ieseliit.</span> 
     </span>
     <span class='ocr_line' id='line_1_25' title="bbox 303 2859 1056 2941; baseline 0.003 -22"><span class='ocrx_word' id='word_1_153' title='bbox 303 2861 335 2922; x_wconf 89' lang='lat' dir='ltr'>Si</span> <span class='ocrx_word' id='word_1_154' title='bbox 358 2861 500 2940; x_wconf 88' lang='lat' dir='ltr'>prodesse</span> <span class='ocrx_word' id='word_1_155' title='bbox 524 2864 583 2922; x_wconf 90' lang='lat' dir='ltr'>tuis</span> <span class='ocrx_word' id='word_1_156' title='bbox 606 2861 754 2941; x_wconf 89' lang='lat' dir='ltr'>pauloque</span> <span class='ocrx_word' id='word_1_157' title='bbox 778 2859 936 2940; x_wconf 86' lang='lat' dir='ltr'>benignius</span> <span class='ocrx_word' id='word_1_158' title='bbox 959 2862 1056 2941; x_wconf 91' lang='lat' dir='ltr'>ipsum</span> 
     </span>
     <span class='ocr_line' id='line_1_26' title="bbox 224 2949 1101 3031; baseline 0.001 -24"><span class='ocrx_word' id='word_1_159' title='bbox 224 2962 256 3008; x_wconf 79' lang='lat'>12</span> <span class='ocrx_word' id='word_1_160' title='bbox 302 2949 343 3009; x_wconf 85' lang='lat' dir='ltr'>Te</span> <span class='ocrx_word' id='word_1_161' title='bbox 368 2957 496 3010; x_wconf 87' lang='lat' dir='ltr'>tractare</span> <span class='ocrx_word' id='word_1_162' title='bbox 520 2950 618 3031; x_wconf 88' lang='lat' dir='ltr'>uoles,</span> <span class='ocrx_word' id='word_1_163' title='bbox 641 2949 764 3010; x_wconf 89' lang='lat' dir='ltr'>accedes</span> <span class='ocrx_word' id='word_1_164' title='bbox 789 2952 886 3010; x_wconf 90' lang='lat' dir='ltr'>siccus</span> <span class='ocrx_word' id='word_1_165' title='bbox 909 2949 945 3009; x_wconf 90' lang='lat' dir='ltr'>ad</span> <span class='ocrx_word' id='word_1_166' title='bbox 969 2957 1101 3010; x_wconf 90' lang='lat' dir='ltr'>unctum.</span> 
     </span>
     <span class='ocr_line' id='line_1_27' title="bbox 302 3033 1035 3118; baseline 0 -21"><span class='ocrx_word' id='word_1_167' title='bbox 302 3033 345 3097; x_wconf 76' lang='lat' dir='ltr'>‘Si</span> <span class='ocrx_word' id='word_1_168' title='bbox 370 3038 529 3118; x_wconf 86' lang='lat' dir='ltr'>pranderet</span> <span class='ocrx_word' id='word_1_169' title='bbox 552 3038 638 3099; x_wconf 92' lang='lat' dir='ltr'>holus</span> <span class='ocrx_word' id='word_1_170' title='bbox 662 3041 822 3118; x_wconf 88' lang='lat' dir='ltr'>patienter,</span> <span class='ocrx_word' id='word_1_171' title='bbox 846 3036 967 3116; x_wconf 84' lang='lat' dir='ltr'>regibus</span> <span class='ocrx_word' id='word_1_172' title='bbox 989 3039 1035 3099; x_wconf 92' lang='lat' dir='ltr'>uti</span> 
     </span>
     <span class='ocr_line' id='line_1_28' title="bbox 302 3123 1035 3207; baseline -0.001 -22"><span class='ocrx_word' id='word_1_173' title='bbox 302 3126 399 3188; x_wconf 88' lang='lat' dir='ltr'>Noilct</span> <span class='ocrx_word' id='word_1_174' title='bbox 421 3123 611 3207; x_wconf 77' lang='lat' dir='ltr'>Aristippus&#39;.</span> <span class='ocrx_word' id='word_1_175' title='bbox 658 3123 695 3187; x_wconf 77' lang='lat' dir='ltr'>‘si</span> <span class='ocrx_word' id='word_1_176' title='bbox 719 3129 810 3187; x_wconf 90' lang='lat' dir='ltr'>sciret</span> <span class='ocrx_word' id='word_1_177' title='bbox 833 3126 953 3204; x_wconf 84' lang='lat' dir='ltr'>regibus</span> <span class='ocrx_word' id='word_1_178' title='bbox 977 3129 1035 3206; x_wconf 88' lang='lat' dir='ltr'>uti,</span> 
     </span>
     <span class='ocr_line' id='line_1_29' title="bbox 302 3209 1128 3297; baseline -0.002 -23"><span class='ocrx_word' id='word_1_179' title='bbox 302 3214 461 3276; x_wconf 88' lang='lat' dir='ltr'>Fastidiret</span> <span class='ocrx_word' id='word_1_180' title='bbox 483 3212 583 3297; x_wconf 87' lang='lat' dir='ltr'>bolus,</span> <span class='ocrx_word' id='word_1_181' title='bbox 606 3218 657 3294; x_wconf 95' lang='lat' dir='ltr'>qui</span> <span class='ocrx_word' id='word_1_182' title='bbox 680 3234 727 3276; x_wconf 89' lang='lat' dir='ltr'>me</span> <span class='ocrx_word' id='word_1_183' title='bbox 751 3209 855 3275; x_wconf 90' lang='lat' dir='ltr'>notat&#39;.</span> <span class='ocrx_word' id='word_1_184' title='bbox 900 3215 998 3274; x_wconf 87' lang='lat' dir='ltr'>utrius</span> <span class='ocrx_word' id='word_1_185' title='bbox 1021 3214 1128 3273; x_wconf 93' lang='lat' dir='ltr'>horum</span> 
     </span>
     <span class='ocr_line' id='line_1_30' title="bbox 223 3301 1190 3385; baseline -0.001 -23"><span class='ocrx_word' id='word_1_186' title='bbox 223 3315 256 3363; x_wconf 84' lang='lat'>16</span> <span class='ocrx_word' id='word_1_187' title='bbox 302 3302 529 3383; x_wconf 54' lang='lat' dir='ltr'>Verba‘probes</span> <span class='ocrx_word' id='word_1_188' title='bbox 553 3313 584 3365; x_wconf 89' lang='lat' dir='ltr'>et</span> <span class='ocrx_word' id='word_1_189' title='bbox 606 3305 696 3385; x_wconf 85' lang='lat' dir='ltr'>iacta,</span> <span class='ocrx_word' id='word_1_190' title='bbox 720 3304 806 3382; x_wconf 90' lang='lat' dir='ltr'>doce,</span> <span class='ocrx_word' id='word_1_191' title='bbox 829 3302 878 3362; x_wconf 87' lang='lat' dir='ltr'>uel</span> <span class='ocrx_word' id='word_1_192' title='bbox 902 3304 1001 3362; x_wconf 91' lang='lat' dir='ltr'>iunior</span> <span class='ocrx_word' id='word_1_193' title='bbox 1024 3301 1106 3381; x_wconf 92' lang='lat' dir='ltr'>audi,</span> <span class='ocrx_word' id='word_1_194' title='bbox 1182 3324 1190 3342; x_wconf 63' lang='lat'>²</span> 
     </span>
     <span class='ocr_line' id='line_1_31' title="bbox 303 3392 1065 3472; baseline -0.003 -20"><span class='ocrx_word' id='word_1_195' title='bbox 303 3392 363 3452; x_wconf 85' lang='lat' dir='ltr'>Cur</span> <span class='ocrx_word' id='word_1_196' title='bbox 387 3395 425 3453; x_wconf 88' lang='lat' dir='ltr'>sit</span> <span class='ocrx_word' id='word_1_197' title='bbox 448 3392 591 3472; x_wconf 81' lang='lat' dir='ltr'>Aristippi</span> <span class='ocrx_word' id='word_1_198' title='bbox 613 3395 712 3472; x_wconf 92' lang='lat' dir='ltr'>potior</span> <span class='ocrx_word' id='word_1_199' title='bbox 736 3393 891 3452; x_wconf 87' lang='lat' dir='ltr'>sententia.</span> <span class='ocrx_word' id='word_1_200' title='bbox 937 3409 1065 3470; x_wconf 87' lang='lat' dir='ltr'>namque</span> 
     </span>
     <span class='ocr_line' id='line_1_32' title="bbox 246 3478 1053 3561; baseline -0.007 -15"><span class='ocrx_word' id='word_1_201' title='bbox 246 3541 247 3546; x_wconf 73' lang='grc'>,</span> <span class='ocrx_word' id='word_1_202' title='bbox 301 3481 469 3542; x_wconf 89' lang='lat' dir='ltr'>Mordacem</span> <span class='ocrx_word' id='word_1_203' title='bbox 494 3481 635 3561; x_wconf 82' lang='lat' dir='ltr'>Cynicum</span> <span class='ocrx_word' id='word_1_204' title='bbox 659 3483 701 3540; x_wconf 91' lang='lat' dir='ltr'>sic</span> <span class='ocrx_word' id='word_1_205' title='bbox 726 3478 875 3555; x_wconf 88' lang='lat' dir='ltr'>eludebat,</span> <span class='ocrx_word' id='word_1_206' title='bbox 900 3487 933 3540; x_wconf 91' lang='lat' dir='ltr'>ut</span> <span class='ocrx_word' id='word_1_207' title='bbox 956 3481 1053 3540; x_wconf 88' lang='lat' dir='ltr'>aiunt:</span> 
     </span>
     <span class='ocr_line' id='line_1_33' title="bbox 304 3565 1186 3651; baseline 0.001 -21"><span class='ocrx_word' id='word_1_208' title='bbox 304 3565 445 3630; x_wconf 77' lang='lat' dir='ltr'>‘Scurror</span> <span class='ocrx_word' id='word_1_209' title='bbox 464 3589 518 3648; x_wconf 81' lang='lat' dir='ltr'>ego</span> <span class='ocrx_word' id='word_1_210' title='bbox 542 3573 605 3649; x_wconf 93' lang='lat' dir='ltr'>ipse</span> <span class='ocrx_word' id='word_1_211' title='bbox 630 3570 715 3651; x_wconf 93' lang='lat' dir='ltr'>mihi,</span> <span class='ocrx_word' id='word_1_212' title='bbox 737 3569 847 3649; x_wconf 91' lang='lat' dir='ltr'>populo</span> <span class='ocrx_word' id='word_1_213' title='bbox 870 3576 917 3631; x_wconf 92' lang='lat' dir='ltr'>tu:</span> <span class='ocrx_word' id='word_1_214' title='bbox 940 3571 1053 3630; x_wconf 91' lang='lat' dir='ltr'>rectius</span> <span class='ocrx_word' id='word_1_215' title='bbox 1076 3569 1132 3629; x_wconf 92' lang='lat' dir='ltr'>hoc</span> <span class='ocrx_word' id='word_1_216' title='bbox 1156 3580 1186 3631; x_wconf 94' lang='lat' dir='ltr'>et</span> 
     </span>
    </p>
   </div>
   <div class='ocr_carea' id='block_1_6' title="bbox 215 3737 1253 3936">
    <p class='ocr_par' dir='ltr' id='par_1_6' title="bbox 215 3737 1253 3936">
     <span class='ocr_line' id='line_1_34' title="bbox 419 3737 1011 3832; baseline 0.003 -26"><span class='ocrx_word' id='word_1_217' title='bbox 419 3737 1011 3832; x_wconf 72' lang='lat' dir='ltr'>A&#39;(Aa)vaqRF(pq)i&#39;(tl)aerc&#39;(acL)v</span> 
     </span>
     <span class='ocr_line' id='line_1_35' title="bbox 215 3860 1253 3936; baseline 0 -18"><span class='ocrx_word' id='word_1_218' title='bbox 215 3870 248 3918; x_wconf 80' lang='grc'>76</span> <span class='ocrx_word' id='word_1_219' title='bbox 268 3865 308 3935; x_wconf 77' lang='lat' dir='ltr'>et]</span> <span class='ocrx_word' id='word_1_220' title='bbox 328 3867 358 3920; x_wconf 79' lang='lat' dir='ltr'>eb</span> <span class='ocrx_word' id='word_1_221' title='bbox 374 3863 404 3918; x_wconf 82' lang='lat' dir='ltr'>in</span> <span class='ocrx_word' id='word_1_222' title='bbox 423 3865 495 3920; x_wconf 67' lang='lat' dir='ltr'>Rue</span> <span class='ocrx_word' id='word_1_223' title='bbox 568 3873 601 3921; x_wconf 74' lang='lat'>19</span> <span class='ocrx_word' id='word_1_224' title='bbox 621 3867 673 3936; x_wconf 80' lang='lat' dir='ltr'>est,</span> <span class='ocrx_word' id='word_1_225' title='bbox 692 3882 742 3920; x_wconf 85' lang='lat' dir='ltr'>om.</span> <span class='ocrx_word' id='word_1_226' title='bbox 761 3881 853 3918; x_wconf 85' lang='lat' dir='ltr'>rerum</span> <span class='ocrx_word' id='word_1_227' title='bbox 871 3863 917 3932; x_wconf 69' lang='lat' dir='ltr'>yR</span> <span class='ocrx_word' id='word_1_228' title='bbox 953 3880 1055 3933; x_wconf 87' lang='lat' dir='ltr'>rerum,</span> <span class='ocrx_word' id='word_1_229' title='bbox 1074 3879 1124 3918; x_wconf 82' lang='lat' dir='ltr'>om.</span> <span class='ocrx_word' id='word_1_230' title='bbox 1145 3866 1187 3918; x_wconf 77' lang='lat' dir='ltr'>est</span> <span class='ocrx_word' id='word_1_231' title='bbox 1205 3860 1253 3934; x_wconf 71' lang='lat' dir='ltr'>Ep</span> 
     </span>
    </p>
   </div>
   <div class='ocr_carea' id='block_1_7' title="bbox 143 3935 277 3976">
    <p class='ocr_par' dir='ltr' id='par_1_7' title="bbox 143 3935 277 3976">
     <span class='ocr_line' id='line_1_36' title="bbox 143 3935 277 3976; baseline 0.015 -2"><span class='ocrx_word' id='word_1_232' title='bbox 143 3935 197 3976; x_wconf 82' lang='lat' dir='ltr'>uitae</span> <span class='ocrx_word' id='word_1_233' title='bbox 205 3935 215 3974; x_wconf 79' lang='lat' dir='ltr'>i</span> <span class='ocrx_word' id='word_1_234' title='bbox 223 3941 277 3976; x_wconf 75' lang='lat' dir='ltr'>reru</span> 
     </span>
    </p>
   </div>
   <div class='ocr_carea' id='block_1_8' title="bbox 144 3987 1289 4116">
    <p class='ocr_par' dir='ltr' id='par_1_8' title="bbox 144 3987 1289 4116">
     <span class='ocr_line' id='line_1_37' title="bbox 144 3987 1289 4116; baseline 0.003 -6"><span class='ocrx_word' id='word_1_235' title='bbox 144 3987 319 4114; x_wconf 37' lang='lat' dir='ltr'>&amp;aaliz</span> <span class='ocrx_word' id='word_1_236' title='bbox 335 4060 451 4114; x_wconf 82' lang='lat' dir='ltr'>tandem</span> <span class='ocrx_word' id='word_1_237' title='bbox 465 4077 535 4116; x_wconf 81' lang='lat' dir='ltr'>omn.</span> <span class='ocrx_word' id='word_1_238' title='bbox 568 4062 682 4115; x_wconf 82' lang='lat' dir='ltr'>tenuem</span> <span class='ocrx_word' id='word_1_239' title='bbox 692 4061 840 4115; x_wconf 78' lang='lat' dir='ltr'>Hordeiius</span> <span class='ocrx_word' id='word_1_240' title='bbox 904 4055 1181 4114; x_wconf 69' lang='lat' dir='ltr'>elaeaecn&#39;vume</span> <span class='ocrx_word' id='word_1_241' title='bbox 1212 4059 1289 4114; x_wconf 77' lang='lat' dir='ltr'>ledet</span> 
     </span>
    </p>
   </div>
   <div class='ocr_carea' id='block_1_9' title="bbox 142 4129 1288 4212">
    <p class='ocr_par' dir='ltr' id='par_1_9' title="bbox 142 4129 1288 4212">
     <span class='ocr_line' id='line_1_38' title="bbox 142 4129 1288 4212; baseline 0.001 -29"><span class='ocrx_word' id='word_1_242' title='bbox 142 4130 236 4199; x_wconf 73' lang='lat' dir='ltr'>yytzL</span> <span class='ocrx_word' id='word_1_243' title='bbox 247 4132 325 4200; x_wconf 76' lang='lat' dir='ltr'>piosa.</span> <span class='ocrx_word' id='word_1_244' title='bbox 339 4134 365 4184; x_wconf 91' lang='grc' dir='ltr'>Γ</span> <span class='ocrx_word' id='word_1_245' title='bbox 398 4131 470 4185; x_wconf 83' lang='lat' dir='ltr'>ledit</span> <span class='ocrx_word' id='word_1_246' title='bbox 483 4132 514 4185; x_wconf 87' lang='grc' dir='ltr'><em>Ε</em></span> <span class='ocrx_word' id='word_1_247' title='bbox 525 4133 637 4201; x_wconf 74' lang='lat' dir='ltr'>sterilep.</span> <span class='ocrx_word' id='word_1_248' title='bbox 652 4131 830 4186; x_wconf 76' lang='lat' dir='ltr'>Nostradam.</span> <span class='ocrx_word' id='word_1_249' title='bbox 867 4130 969 4184; x_wconf 84' lang='lat' dir='ltr'>ledatc</span> <span class='ocrx_word' id='word_1_250' title='bbox 1005 4129 1246 4212; x_wconf 43' lang='lat' dir='ltr'>derenbgumra</span> <span class='ocrx_word' id='word_1_251' title='bbox 1260 4130 1288 4184; x_wconf 79' lang='lat' dir='ltr'><strong><em>A</em></strong></span> 
     </span>
    </p>
   </div>
   <div class='ocr_carea' id='block_1_10' title="bbox 139 4222 1288 4583">
    <p class='ocr_par' dir='ltr' id='par_1_10' title="bbox 139 4222 1288 4583">
     <span class='ocr_line' id='line_1_39' title="bbox 178 4222 1288 4298; baseline 0 -17"><span class='ocrx_word' id='word_1_252' title='bbox 178 4227 350 4282; x_wconf 81' lang='lat' dir='ltr'>terentinum</span> <span class='ocrx_word' id='word_1_253' title='bbox 364 4245 398 4296; x_wconf 70' lang='lat' dir='ltr'>op</span> <span class='ocrx_word' id='word_1_254' title='bbox 435 4228 605 4282; x_wconf 78' lang='lat' dir='ltr'>ferentinum</span> <span class='ocrx_word' id='word_1_255' title='bbox 623 4223 815 4298; x_wconf 74' lang='lat' dir='ltr'>vKRFt&#39;zsu</span> <span class='ocrx_word' id='word_1_256' title='bbox 830 4222 940 4282; x_wconf 60' lang='lat' dir='ltr'>consu</span> <span class='ocrx_word' id='word_1_257' title='bbox 957 4227 1035 4293; x_wconf 75' lang='lat' dir='ltr'>Porf.</span> <span class='ocrx_word' id='word_1_258' title='bbox 1049 4229 1167 4282; x_wconf 71' lang='lat' dir='ltr'>seboin</span> <span class='ocrx_word' id='word_1_259' title='bbox 1199 4227 1288 4282; x_wconf 85' lang='lat' dir='ltr'>feren-</span> 
     </span>
     <span class='ocr_line' id='line_1_40' title="bbox 142 4297 1288 4365; baseline 0 -13"><span class='ocrx_word' id='word_1_260' title='bbox 142 4298 213 4352; x_wconf 78' lang='lat' dir='ltr'>tium</span> <span class='ocrx_word' id='word_1_261' title='bbox 230 4298 289 4352; x_wconf 79' lang='lat' dir='ltr'>Por</span> <span class='ocrx_word' id='word_1_262' title='bbox 308 4299 333 4352; x_wconf 84' lang='lat' dir='ltr'>b.</span> <span class='ocrx_word' id='word_1_263' title='bbox 408 4305 440 4352; x_wconf 76' lang='lat'>12</span> <span class='ocrx_word' id='word_1_264' title='bbox 456 4299 638 4354; x_wconf 79' lang='lat' dir='ltr'>edinnnc&#39;cum</span> <span class='ocrx_word' id='word_1_265' title='bbox 652 4300 689 4365; x_wconf 84' lang='lat' dir='ltr'>E,</span> <span class='ocrx_word' id='word_1_266' title='bbox 703 4316 772 4354; x_wconf 82' lang='lat' dir='ltr'>corr.</span> <span class='ocrx_word' id='word_1_267' title='bbox 788 4300 835 4354; x_wconf 80' lang='lat' dir='ltr'>alt.</span> <span class='ocrx_word' id='word_1_268' title='bbox 849 4315 884 4352; x_wconf 81' lang='lat' dir='ltr'>m.</span> <span class='ocrx_word' id='word_1_269' title='bbox 899 4297 1051 4352; x_wconf 83' lang='lat' dir='ltr'>adunetum</span> <span class='ocrx_word' id='word_1_270' title='bbox 1065 4299 1109 4352; x_wconf 81' lang='lat' dir='ltr'>uel</span> <span class='ocrx_word' id='word_1_271' title='bbox 1123 4299 1160 4352; x_wconf 83' lang='lat' dir='ltr'>ad</span> <span class='ocrx_word' id='word_1_272' title='bbox 1173 4300 1288 4352; x_wconf 78' lang='lat' dir='ltr'>unctum</span> 
     </span>
     <span class='ocr_line' id='line_1_41' title="bbox 142 4368 1286 4440; baseline 0 -18"><span class='ocrx_word' id='word_1_273' title='bbox 142 4373 201 4422; x_wconf 79' lang='lat' dir='ltr'>cett.</span> <span class='ocrx_word' id='word_1_274' title='bbox 219 4370 289 4437; x_wconf 77' lang='lat' dir='ltr'>Ppa.</span> <span class='ocrx_word' id='word_1_275' title='bbox 310 4369 375 4426; x_wconf 80' lang='lat' dir='ltr'>Aer.</span> <span class='ocrx_word' id='word_1_276' title='bbox 392 4371 430 4424; x_wconf 87' lang='lat' dir='ltr'>od</span> <span class='ocrx_word' id='word_1_277' title='bbox 443 4375 495 4424; x_wconf 85' lang='lat' dir='ltr'>art.</span> <span class='ocrx_word' id='word_1_278' title='bbox 507 4375 579 4438; x_wconf 81' lang='lat' dir='ltr'>poet.</span> <span class='ocrx_word' id='word_1_279' title='bbox 594 4377 645 4424; x_wconf 77' lang='lat'>422</span> <span class='ocrx_word' id='word_1_280' title='bbox 664 4370 827 4440; x_wconf 77' lang='lat' dir='ltr'>piossura‘um</span> <span class='ocrx_word' id='word_1_281' title='bbox 843 4369 909 4422; x_wconf 67' lang='grc' dir='ltr'>Μαί</span> <span class='ocrx_word' id='word_1_282' title='bbox 925 4368 1003 4437; x_wconf 71' lang='lat' dir='ltr'>Pons.</span> <span class='ocrx_word' id='word_1_283' title='bbox 1022 4370 1060 4422; x_wconf 87' lang='lat' dir='ltr'>cd</span> <span class='ocrx_word' id='word_1_284' title='bbox 1078 4369 1154 4438; x_wconf 81' lang='lat' dir='ltr'>epist.</span> <span class='ocrx_word' id='word_1_285' title='bbox 1169 4371 1182 4424; x_wconf 95' lang='lat' dir='ltr'>I</span> <span class='ocrx_word' id='word_1_286' title='bbox 1197 4375 1238 4438; x_wconf 90' lang='lat'>14,</span> <span class='ocrx_word' id='word_1_287' title='bbox 1253 4376 1286 4423; x_wconf 81' lang='lat'>21</span> 
     </span>
     <span class='ocr_line' id='line_1_42' title="bbox 142 4437 1288 4511; baseline 0.002 -17"><span class='ocrx_word' id='word_1_288' title='bbox 142 4439 191 4508; x_wconf 83' lang='lat' dir='ltr'>(ad</span> <span class='ocrx_word' id='word_1_289' title='bbox 215 4439 342 4496; x_wconf 78' lang='lat' dir='ltr'>iunctum</span> <span class='ocrx_word' id='word_1_290' title='bbox 367 4441 469 4510; x_wconf 81' lang='lat' dir='ltr'>Porpb.</span> <span class='ocrx_word' id='word_1_291' title='bbox 493 4441 571 4510; x_wconf 77' lang='lat' dir='ltr'>ibid.)</span> <span class='ocrx_word' id='word_1_292' title='bbox 653 4460 700 4497; x_wconf 82' lang='lat' dir='ltr'>ou.</span> <span class='ocrx_word' id='word_1_293' title='bbox 722 4447 755 4495; x_wconf 88' lang='lat'>14</span> <span class='ocrx_word' id='word_1_294' title='bbox 773 4457 810 4510; x_wconf 82' lang='lat' dir='ltr'>sq.</span> <span class='ocrx_word' id='word_1_295' title='bbox 835 4440 966 4509; x_wconf 79' lang='lat' dir='ltr'>omisitq</span> <span class='ocrx_word' id='word_1_296' title='bbox 994 4457 1022 4494; x_wconf 83' lang='lat' dir='ltr'>u.</span> <span class='ocrx_word' id='word_1_297' title='bbox 1043 4446 1077 4493; x_wconf 91' lang='lat'>14</span> <span class='ocrx_word' id='word_1_298' title='bbox 1099 4442 1190 4496; x_wconf 81' lang='lat' dir='ltr'>omisit</span> <span class='ocrx_word' id='word_1_299' title='bbox 1207 4437 1288 4511; x_wconf 75' lang='lat' dir='ltr'>qt&#39;zp</span> 
     </span>
     <span class='ocr_line' id='line_1_43' title="bbox 139 4507 1169 4583; baseline -0.003 -15"><span class='ocrx_word' id='word_1_300' title='bbox 139 4527 169 4568; x_wconf 76' lang='lat' dir='ltr'>u.</span> <span class='ocrx_word' id='word_1_301' title='bbox 192 4517 224 4564; x_wconf 78' lang='lat'>15</span> <span class='ocrx_word' id='word_1_302' title='bbox 245 4517 308 4566; x_wconf 73' lang='lat' dir='ltr'>orate</span> <span class='ocrx_word' id='word_1_303' title='bbox 326 4529 353 4567; x_wconf 83' lang='lat' dir='ltr'>u.</span> <span class='ocrx_word' id='word_1_304' title='bbox 375 4519 408 4566; x_wconf 87' lang='lat'>14</span> <span class='ocrx_word' id='word_1_305' title='bbox 422 4529 489 4581; x_wconf 80' lang='lat' dir='ltr'>pou.</span> <span class='ocrx_word' id='word_1_306' title='bbox 508 4507 546 4581; x_wconf 78' lang='grc' dir='ltr'>π’,</span> <span class='ocrx_word' id='word_1_307' title='bbox 565 4518 633 4568; x_wconf 82' lang='lat' dir='ltr'>recte</span> <span class='ocrx_word' id='word_1_308' title='bbox 650 4518 709 4569; x_wconf 81' lang='lat' dir='ltr'>cett.</span> <span class='ocrx_word' id='word_1_309' title='bbox 784 4519 815 4565; x_wconf 84' lang='grc'>19</span> <span class='ocrx_word' id='word_1_310' title='bbox 834 4509 950 4583; x_wconf 76' lang='lat' dir='ltr'>rectius]</span> <span class='ocrx_word' id='word_1_311' title='bbox 969 4511 1082 4580; x_wconf 83' lang='lat' dir='ltr'>regibus</span> <span class='ocrx_word' id='word_1_312' title='bbox 1100 4507 1169 4572; x_wconf 65' lang='lat' dir='ltr'>Fra</span> 
     </span>
    </p>
   </div>
   <div class='ocr_carea' id='block_1_11' title="bbox 198 4613 340 4651">
    <p class='ocr_par' dir='ltr' id='par_1_11' title="bbox 198 4613 340 4651">
     <span class='ocr_line' id='line_1_44' title="bbox 198 4613 340 4651; baseline -0.007 -1"><span class='ocrx_word' id='word_1_313' title='bbox 198 4613 340 4651; x_wconf 66' lang='lat' dir='ltr'>mensurus!</span> 
     </span>
    </p>
   </div>
   <div class='ocr_carea' id='block_1_12' title="bbox 0 0 1618 5238">
    <p class='ocr_par' dir='ltr' id='par_1_12' title="bbox 0 0 1618 5238">
     <span class='ocr_line' id='line_1_45' title="bbox 0 0 1618 5238; baseline 0 5"><span class='ocrx_word' id='word_1_314' title='bbox 0 0 1618 5238; x_wconf 95' lang='lat' dir='ltr'> </span> 
     </span>
    </p>
   </div>
  </div>
 </body>
</html>
