3220 5234
700 423 705 428 ·
767 405 950 454 cnnnmvn

425 554 507 632 ‘lam
531 553 629 614 clarus
653 553 804 614 occultum
827 550 1030 613 Andromedae
1054 560 1139 630 pater

448 641 586 702 Ostendit
608 645 720 722 ignem,
743 645 801 702 iarn
823 642 959 721 Procyon
983 641 1055 700 furit

491 731 530 791 Et
552 731 635 791 stella
659 733 762 792 uesani
786 730 907 810 Leonis,

368 831 402 879 20
538 819 605 880 Sole
628 819 693 880 dies
717 819 866 880 referente
891 822 999 898 siccos3

380 955 385 964 .
446 908 507 968 tam
530 916 632 988 pastor
655 908 776 969 umbras
799 927 867 969 cum
890 926 979 987 grege
1002 905 1140 984 languido

447 997 613 1075 Riuonrque
637 997 734 1058 fessus
758 1000 874 1076 quaerit
897 1004 927 1056 et
949 994 1063 1055 horridi

492 1084 617 1146 dumeta
642 1086 755 1146 Siluani
778 1095 918 1165 caretque

367 1185 401 1233 24
535 1174 610 1253 Ripa
634 1178 716 1254 uagis
740 1177 886 1236 taciturna
910 1175 1016 1234 uentis.

447 1264 493 1324 Tu
517 1265 667 1324 ciuitatem
693 1266 759 1343 quis
782 1263 885 1323 deceat
909 1270 1002 1322 status

449 1350 542 1412 Curas
566 1361 596 1411 et
619 1351 686 1412 urbi
711 1351 853 1412 sollicitus
876 1354 963 1411 times

494 1439 571 1511 Quid
596 1440 684 1501 Seres
708 1449 738 1501 et
761 1447 882 1519 regnata
905 1439 981 1518 Cyro

369 1539 403 1587 28
538 1529 642 1589 Bactra
666 1537 771 1608 parent
793 1528 959 1606 Tanaisque
983 1527 1105 1586 discors,

449 1617 585 1678 Prudens
609 1618 703 1678 futuri
726 1620 867 1696 temporis
891 1619 1003 1676 exitum

451 1706 615 1785 Caliginosa
638 1715 734 1767 nocte·
748 1709 858 1786 premit
880 1705 954 1766 deus

492 1795 653 1875 Ridetque,
676 1798 702 1855 si
725 1795 857 1855 mortalis
880 1793 958 1854 ultra

369 1894 403 1942 32
539 1883 594 1944 Fas
618 1884 754 1963 trepidat.
778 1883 858 1963 quod
881 1882 963 1943 adest
987 1888 1135 1941 memento

449 1973 633 2052 Componere
657 1991 781 2052 aequos;
805 1981 903 2032 cetera
927 1971 1057 2031 fluminis

448 2061 517 2121 Ritu
542 2061 692 2142 feruntur,
716 2081 796 2122 nunc
819 2061 915 2120 medio
940 2059 1025 2119 alueo

494 2149 568 2209 Cum
591 2169 663 2228 pace
687 2150 849 2211 delabentis
873 2148 1032 2210 Etruscum

369 2249 403 2296 36
537 2238 571 2298 tn
595 2257 689 2316 marc,
713 2257 792 2299 nnnc
815 2237 926 2316 lapides
950 2236 1054 2296 adesos

450 2327 617 2407 Stirpisque
641 2336 738 2407 raptas
763 2335 792 2388 et
813 2343 906 2406 pecus
930 2334 959 2385 et
983 2324 1086 2385 domos

449 2415 602 2476 Votuentis
626 2435 697 2496 nna,
722 2434 780 2475 non
805 2417 868 2474 sine
893 2415 1037 2473 montium

494 2504 627 2565 Clamore
642 2507 826 2582 »uicinaeque
850 2503 956 2581 siluae,

369 2604 403 2651 40
538 2593 613 2653 Curn
637 2594 698 2654 sera
722 2592 850 2653 diluuies
874 2594 990 2670 quietos

448 2681 553 2741 inritat
577 2685 679 2741 amnis.
702 2681 751 2741 ille
775 2689 880 2760 potens
905 2682 950 2739 sui

449 2768 616 2847 Laetusque
641 2770 741 2851 deget,
764 2771 812 2829 cui
836 2769 905 2828 ticet
926 2771 957 2828 in
981 2765 1058 2826 diem

492 2856 606 2917 Dixisse
631 2853 717 2918 ‘uixiz
741 2876 806 2917 oras
830 2856 879 2916 uel
901 2865 965 2916 atra

370 2957 404 3004 44
538 2945 623 3006 Nube
646 2947 753 3025 polum¹
769 2954 853 3026 pater
876 2951 1033 3024 occupato,

448 3033 500 3094 Vel
525 3035 585 3094 sole
609 3053 697 3114 pur03
721 3044 902 3094 nontamen
926 3035 1062 3111 inritum,

450 3122 664 3204 Quodcumque
688 3131 812 3203 retrost,
836 3122 945 3182 efficiet
968 3138 1064 3199 neque

493 3210 632 3290 Didinget
655 3213 857 3290 intectumque
881 3210 986 3269 reddet

370 3311 403 3359 48
539 3300 623 3371 Quod
647 3301 764 3378 fugiens
788 3298 879 3359 semel
902 3298 974 3358 hora
997 3291 1099 3357 uexit?

448 3387 579 3448 Fortuna
603 3406 693 3449 saeuo
715 3388 792 3448 laeta
815 3389 934 3466 negotio
957 3394 988 3445 et

449 3475 564 3537 Ludum
587 3476 766 3536 insolentem
788 3475 890 3535 ludere
913 3476 1048 3554 pertinax

493 3564 684 3625 Transmutat
706 3567 841 3624 incertos
861 3563 1002 3642 honores,

371 3663 404 3710 52
538 3653 624 3713 Nunc
647 3653 732 3733 mihi,
756 3671 835 3712 nunc
859 3650 907 3710 atii
930 3649 1064 3728 benigna,

381 3753 384 3758 ·
450 3740 550 3800 Laudo
574 3751 755 3820 manenten13
779 3743 811 3798 si
827 3739 933 3799 celeris
957 3740 1050 3816 quatit

449 3827 573 3909 Pinnas,
597 3829 715 3907 resigno
740 3845 815 3907 quae
839 3827 919 3888 dedit
943 3835 972 3886 et
994 3844 1059 3886 mea

494 3915 609 3978 Virtute
633 3935 681 3976 me
704 3916 826 3977 inuoluo
849 3910 1031 3994 probamque

370 4015 403 4065 56
538 4005 714 4085 Pauperiem
737 4007 801 4066 sinc
824 4003 892 4064 dote
917 4021 1035 4082 quaero.

427 4313 431 4327 ¹
457 4191 1264 4303 araturusotauniae)conuentu)

361 4343 395 4390 22
423 4337 536 4390 horrido
561 4331 588 4390 u'
608 4352 669 4403 opp.
695 4338 752 4388 cett.
779 4326 852 4387 Acr.'
936 4337 968 4384 32
996 4331 1119 4400 trepidet
1146 4325 1225 4399 Ppt!
1308 4339 1344 4386 34
1371 4333 1450 4390 Ritu

289 4459 448 4514 referuntur
470 4453 530 4511 A't'
577 4458 658 4512 alueo
681 4450 809 4538 AsyORt'
830 4449 909 4523 Ppic'
959 4415 1089 4538 aliendi
1140 4471 1262 4541 aequore
1288 4451 1405 4511 Fri'Lu'

291 4544 394 4599 equore
412 4548 433 4583 π
504 4534 547 4582 49.
567 4532 601 4581 50
619 4529 732 4598 negotio
752 4532 756 4594 t
777 4527 814 4580 Et
831 4525 928 4579 ludum
947 4525 1092 4580 Ftutuut
1104 4521 1181 4580 dn'u

445 4652 461 4703 d
