3264 5238
692 1135 728 1210 o.
751 1135 920 1200 nonan
943 1134 1100 1201 unicui

618 1297 654 1394 (l
683 1298 732 1392 Α
759 1298 805 1394 R
833 1299 889 1393 Μ
916 1300 941 1394 Ι
969 1299 1018 1396 Ν
1046 1299 1094 1394 V
1123 1299 1179 1393 M

737 1487 845 1541 LIBER
865 1487 1054 1542 SECVNDVS

888 1743 900 1802 l

471 1851 594 1911 »Motum
618 1869 654 1910 ex
677 1849 795 1910 Metello
819 1850 942 1910 consule
966 1853 1109 1932 ciuicum,

482 1937 614 2018 Bellique
639 1957 744 1999 causas
768 1948 798 1999 et
820 1940 894 1998 uitia
918 1947 947 1998 et
969 1939 1087 2020 modos,

525 2027 700 2106 Ludumque
724 2026 872 2088 Fortunae
896 2029 1055 2106 granisque

419 2129 436 2176 t
568 2116 741 2195 Principum
765 2119 908 2176 amicitias
932 2124 1065 2176 etarma

480 2205 617 2264 Nondum
642 2207 765 2284 expiatis
789 2214 878 2265 uncta
902 2204 1072 2286 cruoribus,

480 2293 669 2353 Periculosae
692 2293 813 2372 plenum
837 2312 912 2372 opus
935 2293 1028 2372 aleae,

526 2381 648 2442 Tractas
672 2391 702 2441 et
724 2382 839 2442 incedis
861 2400 916 2460 per
938 2384 1022 2460 ignes

420 2482 435 2528 s
572 2470 749 2549 Suppositos
772 2473 866 2530 cineri
890 2470 1000 2530 doloso.

480 2557 604 2618 Paulum
629 2573 751 2618 seuerae
775 2559 857 2618 Musa
882 2559 1048 2636 tragoediae

480 2646 563 2705 Desit
586 2647 723 2707 theatris:
746 2665 828 2727 mox,
852 2647 904 2706 ubi
927 2645 1059 2726 publicas

525 2734 584 2794 Res
609 2735 769 2815 ordinaris,
795 2735 905 2813 grande
931 2753 1038 2794 munus

402 2835 434 2881 12
571 2822 714 2901 Cecropio
738 2832 856 2902 repetes
879 2831 1018 2901 coturno,

460 2903 597 2989 'lnsigne
623 2913 742 2971 maestis
764 2912 946 2989 praesidinm
969 2913 1029 2970 reis

479 2998 517 3058 Et
542 2999 722 3080 consulenti,
745 2999 852 3080 Pollio,
875 3003 989 3079 curiae,

525 3087 579 3148 Cui
601 3089 704 3148 laurus
728 3096 864 3148 aeternos
888 3088 1017 3149 honores

401 3189 433 3236 16
570 3175 730 3236 Delmatico
753 3179 870 3256 peperit
893 3177 1051 3255 triumpho.

479 3266 540 3324 Iam
563 3282 642 3325 nunc
666 3267 773 3325 minaci
797 3283 950 3324 murmure
974 3282 1120 3324 cornuum

479 3353 660 3430 Perstringis
684 3355 779 3433 auriS,
801 3356 859 3413 iam
882 3353 948 3414 litui
972 3361 1121 3431 strepunt,

523 3439 582 3500 lam
608 3440 704 3518 iulgor
728 3459 878 3500 armornm
902 3443 1016 3518 fugacis

396 3543 430 3588 2ο
567 3528 674 3588 Terret
698 3548 791 3609 equos
815 3532 1007 3608 equitumque
1032 3528 1140 3588 uoltus¹

478 3617 587 3678 Audire
612 3620 815 3695 magnesiam
838 3617 942 3676 uideor
966 3617 1057 3676 duces

478 3706 544 3765 Non
567 3705 707 3784 indecoro
731 3706 856 3783 puluere
881 3704 1015 3764 sordidos

523 3792 561 3852 Et
584 3801 690 3852 cuncta
714 3802 863 3853 terrarum
886 3793 1006 3852 subacta

395 3895 429 3942 24
566 3879 689 3940 Praeter
712 3889 842 3940 atrocem
867 3884 997 3940 animum
1021 3879 1148 3940 Catonis

476 3970 551 4031 luno
575 3976 606 4028 et
628 3969 751 4028 deorum
776 3972 911 4046 quisquis
935 3971 1055 4028 amicior

477 4059 556 4118 diris
579 4056 674 4134 inulta
695 4065 826 4116 cesserat
848 4059 995 4135 impotens

522 4144 656 4225 Tellure,
680 4139 830 4204 uictorum
854 4154 977 4223 nepotes

398 4247 432 4294 28
568 4233 693 4292 Rettulit
716 4231 838 4291 inferias
861 4231 1028 4309 Iugurthae.

388 4525 414 4578 Π
432 4399 1344 4576 pepp<applausurosconculco
